2111 3157
180 198 275 226 11110.
301 200 366 228 uso
411 191 475 226 0274

371 251 443 289 tica,
461 261 518 283 seu
538 250 704 290 livellaria,
727 250 822 283 etiam
845 251 883 283 de
909 251 1034 283 directo
1053 251 1108 283 do-

373 303 470 336 minio
508 304 742 343 ecclesiarum,
776 303 1046 335 monasteriorum
1078 308 1110 335 et

371 357 502 399 piorum
521 357 664 389 locorum
687 367 743 388 seu
770 366 985 399 personarum
1011 357 1111 389 eccle-

373 409 676 448 siastica1·um,ubi
713 410 763 441 lex
800 409 1008 441 investiturae
1045 419 1109 441 non

375 462 481 493 obstet
517 472 598 503 quae
638 462 724 493 salva
763 466 948 500 remaneat3
989 462 1113 493 sublata

375 524 505 556 quoque
531 513 616 546 omni
643 518 675 546 et
699 524 900 557 quacumque
932 513 1114 546 differentia

374 567 425 599 'rel
447 566 710 599 consideratione
732 566 940 599 subiectionis
960 571 992 599 et
1008 577 1114 610 respe-

376 619 457 651 ctive
488 619 702 662 exemptionis
732 630 946 663 personarum
971 625 1034 652 tam
1062 620 1115 652 de-

376 672 601 704 scendentium
620 683 715 715 quam
736 673 977 705 succedentium
998 674 1047 705 vel
1064 683 1117 705 ex-

377 724 576 756 cludentium
597 730 628 756 et
652 726 862 765 exclusarum,
887 725 1116 767 cuiuscumque

379 777 443 809 sint
476 782 597 817 status,
628 778 744 820 gradus
776 783 807 811 et
841 778 1056 818 conditionis,
1088 783 1119 810 et

379 829 525 872 quamvis
551 835 663 872 agatur
687 831 727 863 de
753 830 880 863 clericis
910 832 960 864 vel
991 832 1117 872 regula-

376 882 466 914 ribus
503 883 672 926 utriusque
709 893 820 922 sexus,
852 888 906 915 aut
942 884 981 916 de
1017 885 1120 916 ecclc-

379 935 434 967 siis
460 941 491 968 et
514 936 731 975 monasteriis,
758 936 892 979 aliisque
919 936 1068 979 personis
1090 942 1121 968 ct

342 1026 347 1033 η
380 988 460 1021 10015
487 989 730 1029 ecclesiasticis,
757 991 805 1022 vel
839 990 917 1022 alias
943 990 1120 1032 quomodo-

381 1042 461 1073 libet
493 1041 649 1084 exemptis
684 1046 715 1074 et
745 1041 982 1084 privilegiatis,
1019 1052 1121 1085 quan-

381 1093 498 1125 tumvis
529 1096 681 1136 expressa
721 1099 753 1126 et
791 1094 924 1136 speciali
965 1096 1039 1126 nota
1075 1094 1121 1126 di-

382 1146 473 1186 gnis3
501 1146 577 1178 dum
599 1157 663 1178 non
691 1157 727 1179 ex
756 1147 901 1189 ipsorum
927 1152 1119 1179 statutorum

381 1199 429 1230 vel
456 1198 665 1230 statuentium
685 1198 792 1241 aliqua
813 1198 1041 1231 iurisdictione
1072 1200 1121 1231 vel

381 1256 555 1293 potestate,
583 1252 637 1283 sed
665 1262 700 1283 ex
729 1253 840 1283 nostra
861 1252 1022 1284 dumtaxat
1048 1262 1122 1295 apo-

383 1304 497 1336 stolica
523 1304 712 1336 auctoritate
740 1305 825 1337 1111110
851 1305 1045 1337 succedendi
1071 1315 1123 1337 or-

385 1357 492 1389 dinem
517 1357 549 1388 in
576 1357 661 1389 dicto
688 1363 798 1389 nostro
821 1357 908 1390 Statu
934 1358 1121 1390 immediato

385 1415 417 1442 et
440 1410 583 1442 mediato
608 1410 727 1449 ltaliae,
755 1421 791 1442 ex
819 1411 908 1442 iustis
933 1411 1036 1443 causis
1061 1411 1122 1443 ani-

385 1473 472 1494 mum
493 1468 637 1495 nostrum
656 1463 753 1504 digne
771 1463 984 1502 moventibus,
1005 1463 1122 1495 servari

386 1514 534 1545 volumus
560 1523 595 1545 ac
624 1513 804 1552 statuimus,
823 1516 945 1545 attenta
966 1515 1070 1546 solum
1089 1524 1124 1545 ac

388 1566 585 1606 generaliter
614 1566 751 1598 naturali
789 1566 944 1608 qualitate
981 1567 1125 1608 agnatio-

390 1618 437 1649 nis
463 1623 494 1649 01
518 1628 613 1650 sexus
630 1629 690 1661 pro
709 1619 796 1650 dicto
817 1617 880 1650 11110
902 1619 1123 1661 assequend03

389 1672 540 1712 nullaque
562 1671 657 1703 etiam
682 1671 807 1703 ratione
834 1671 944 1703 habita
968 1672 1126 1704 mixturae

391 1733 604 1764 personarum
637 1733 700 1756 non
735 1725 934 1756 exclusarum
959 1724 992 1756 in
1018 1725 1125 1757 medio

392 1775 613 1815 existentium,
641 1776 742 1808 aliave
767 1776 939 1818 qualitate,
967 1777 1006 1809 ob
1033 1788 1127 1820 quam

390 1828 577 1860 huiusmodi
610 1833 803 1860 statutorum
829 1834 860 1861 et
891 1830 997 1871 legum
1023 1840 1129 1862 cessa-

390 1880 436 1912 tio
467 1885 498 1911 et
527 1881 666 1913 reversio
696 1881 735 1913 ad
764 1881 813 1913 ius
842 1892 1012 1914 commune
1039 1893 1129 1924 prae-

392 1932 480 1964 tendi
506 1933 618 1972 valeat,
645 1933 763 1965 adeout
791 1933 942 1974 unicum,
968 1934 1128 1966 uniforme

393 1994 429 2016 ac
452 1984 636 2017 universale
662 1985 703 2017 sit
726 1985 775 2017 ius
800 1991 830 2017 et
850 1986 930 2018 ordo
956 1986 1130 2019 successio-

393 2037 442 2069 nis
476 2038 514 2069 ad
548 2038 691 2080 ipsorum
726 2039 904 2081 respective
936 2044 1129 2071 statutorum

394 2090 630 2133 praescriptum
649 2101 685 2123 ex
707 2092 850 2133 praefato
879 2092 1064 2133 agnationis
1088 2092 1131 2123 sa—

395 2144 507 2183 vore')·‚
533 2143 684 2185 quodque
710 2143 741 2175 in
768 2144 915 2186 quolibet
939 2154 1012 2176 casu
1033 2144 1131 2176 dubio

397 2200 427 2226 et
452 2196 699 2237 quomodolibet
723 2196 911 2239 disputabili
936 2197 1041 2229 favore
1066 2207 1131 2228 ma-

397 2248 560 2279 sculorum
594 2249 632 2281 de
658 2249 832 2291 agnatione
857 2249 889 2281 in
915 2250 1131 2282 exclusionem

398 2300 590 2332 seminarum
615 2307 645 2333 et
669 2308 898 2344 cognatorum,
926 2307 989 2334 tam
1023 2312 1133 2334 ascen-

400 2353 554 2391 dentium,
573 2354 668 2386 etiam
686 2355 805 2394 matris,
825 2366 920 2397 quam
938 2356 1135 2388 descenden-

400 2405 477 2437 tium
503 2410 534 2437 et
559 2407 803 2446 collateralium,
823 2407 1010 2440 huiusmodi
1028 2409 1133 2450 legum

401 2462 433 2489 et
457 2463 649 2491 statutorum
674 2459 899 2502 interpretatio
921 2460 1064 2493 facienda
1081 2460 1132 2492 sit.

401 2509 459 2541 Ubi
485 2520 561 2542 vero
587 2512 751 2553 contingat
770 2522 833 2544 non
852 2512 1010 2545 verificari
1036 2517 1136 2544 statu-

402 2566 528 2603 torum,
554 2573 767 2606 personarum
798 2570 830 2597 et
861 2564 1023 2598 bonorum
1048 2565 1136 2597 unio-

945 203 1125 226 ntiLrAan
1148 202 1300 227 ROMANUM

1154 314 1248 347 quam
1273 305 1394 337 attendi
1431 315 1466 336 ac
1490 304 1611 337 servari
1637 305 1755 338 debere
1780 306 1892 338 decer-

1153 357 1269 395 nimus,
1286 357 1335 389 vel
1358 357 1444 399 quod
1469 367 1534 389 non
1552 357 1659 388 adsint
1679 362 1795 389 statuta
1818 368 1892 400 per-

1155 420 1317 448 sonarum,
1335 409 1402 441 sive
1427 409 1483 442 illa
1503 409 1654 447 extantia,
1680 410 1721 442 ob
1746 410 1891 443 enuncia-

1157 468 1203 494 tas
1229 462 1400 494 doctorum
1431 467 1462 494 et
1494 462 1702 494 tribunalium
1733 462 1893 505 interpre-
1914 486 1921 490 -

1157 515 1302 554 tationes,
1329 520 1382 547 aut
1406 515 1484 547 alias
1510 515 1770 557 quomodolibet,
1798 525 1893 547 suum
1917 511 1932 526 ²

1157 579 1223 601 non
1248 568 1425 601 sortiantur
1449 567 1617 607 0110010111,
1644 573 1735 607 tunc,
1770 568 1896 600 sublata

1159 624 1217 663 (ut
1241 622 1457 664 praemissum
1492 622 1559 663 est)
1592 621 1679 654 omni
1712 620 1897 654 differentia

1159 674 1374 717 exemptionis
1394 679 1425 706 01
1449 673 1658 706 subiectionis
1683 684 1897 716 personarum

1160 732 1191 760 et
1214 728 1376 759 bonorum
1409 726 1607 768 respective,
1640 725 1836 768 generaliter
1867 731 1898 759 et

1161 784 1258 822 prout
1277 779 1381 812 iacent
1405 779 1527 811 attendi
1545 789 1581 811 ac
1598 779 1717 811 servari
1736 780 1896 819 volumus,

1162 831 1365 864 decernimus
1390 836 1421 863 et
1444 831 1635 863 mandamus
1668 835 1787 863 statuta
1816 832 1901 863 loco-

1162 895 1252 923 rum,
1279 884 1311 915 in
1337 883 1454 926 quibus
1479 884 1566 916 bona
1591 883 1732 915 existunt
1756 894 1793 915 ac
1828 893 1902 925 pos-

1163 937 1319 975 sidentur,
1339 936 1404 968 sivc
1423 941 1536 977 agatur
1554 936 1592 967 de
1610 936 1704 967 bonis
1721 935 1902 974 stabilibus,

1164 989 1228 1021 sive
1255 989 1294 1021 de
1319 988 1504 1025 mobilibus,
1532 987 1689 1027 censibus,
1715 988 1794 1020 locis
1814 998 1903 1020 mon-

1164 1040 1254 1079 tium,
1276 1039 1388 1072 officiis
1413 1039 1619 1081 meabilibus,
1640 1039 1824 1072 nominibus
1849 1040 1904 1072 de-

1165 1094 1323 1132 bitorum,
1352 1093 1474 1125 iuribus
1500 1098 1530 1125 et
1554 1092 1745 1132 actionibus,
1762 1097 1793 1125 et
1817 1092 1901 1132 aliis,

1165 1146 1309 1188 quamvis
1336 1146 1375 1178 de
1400 1145 1464 1178 illis
1489 1156 1560 1178 esse
1586 1145 1794 1188 dignoscatur
1821 1155 1903 1188 quae

1165 1201 1235 1232 loco
1251 1210 1315 1231 non
1330 1198 1642 1231 circumscribuntur
1657 1199 1713 1231 scd
1731 1208 1905 1241 personam

1165 1257 1355 1294 sequuntur,
1381 1256 1412 1284 et
1436 1251 1592 1295 quamvis,
1612 1256 1675 1283 tarn
1694 1251 1902 1292 decedentes,

1166 1316 1260 1347 quam
1280 1305 1488 1337 excludentes
1507 1309 1538 1336 et
1559 1303 1688 1339 exclusi.
1706 1302 1808 1335 exteri
1825 1303 1902 1342 sint,

1166 1357 1259 1390 nobis
1283 1362 1314 1389 et
1336 1356 1409 1389 Sedi
1427 1355 1633 1398 Apostolieae
1659 1355 1691 1387 in
1717 1355 1906 1398 temporali-

1166 1410 1224 1441 bus
1243 1420 1306 1441 non
1325 1408 1458 1448 subditi,
1475 1408 1548 1440 dum
1567 1408 1662 1440 etiam
1680 1407 1782 1440 exteri
1799 1407 1906 1450 acqui-

1168 1467 1276 1494 rentes
1293 1472 1328 1493 ac
1347 1461 1525 1493 retinentes
1544 1460 1687 1503 praefata
1709 1459 1794 1493 bona
1809 1465 1839 1492 et
1857 1460 1905 1492 iu-

1166 1520 1217 1547 xta
1230 1514 1260 1546 in
1279 1513 1451 1556 praedictis
1472 1512 1556 1545 Urbe
1575 1518 1607 1545 et
1624 1512 1712 1545 Statu
1731 1518 1905 1545 censentur

1169 1566 1345 1609 (contraria
1369 1567 1534 1598 voluntate
1569 1575 1721 1608 expresse
1754 1575 1821 1597 non
1851 1565 1906 1597 de-

1169 1621 1303 1662 clarata)
1335 1619 1366 1652 in
1398 1619 1504 1651 animo
1536 1618 1688 1651 habuisse
1720 1617 1906 1651 huiusmodi

1170 1674 1329 1706 bonorum
1355 1677 1386 1704 et
1410 1671 1528 1703 iuriurn
1553 1664 1787 1704 successionem
1812 1681 1907 1713 regu-

1171 1726 1229 1758 lari
1254 1726 1374 1758 debere
1404 1725 1490 1757 iuxta
1513 1725 1601 1767 leges
1628 1730 1659 1756 et
1684 1724 1906 1757 ordinationes

1171 1780 1316 1811 locorum
1343 1778 1375 1810 in
1401 1778 1517 1820 quibus
1539 1777 1680 1810 existunt
1708 1788 1745 1809 ac
1769 1777 1908 1809 retinen-

1172 1837 1230 1869 tur,
1250 1836 1347 1873 prout
1371 1831 1457 1862 1111110
1474 1830 1616 1862 animum
1634 1829 1906 1872 praesumendum

1171 1894 1243 1916 esse
1270 1883 1482 1921 decernimus,
1507 1882 1676 1914 statuimus
1702 1887 1734 1914 et
1758 1882 1904 1914 declara-

1171 1947 1253 1968 mus.
1273 1935 1359 1973 Quae
1385 1946 1459 1968 vero
1486 1935 1524 1967 de
1548 1934 1708 1966 intestatis
1733 1933 1909 1966 successio-

1172 1989 1266 2021 nibus
1293 1989 1458 2027 bactenus,
1484 1993 1519 2020 ut
1543 1998 1646 2030 supra,
1664 1992 1779 2019 statuta
1796 1991 1827 2019 et
1844 1986 1908 2018 dis-

1173 2041 1276 2084 posita
1301 2045 1394 2079 sunt,
1429 2040 1462 2072 in
1494 2039 1745 2072 testamentariis
1779 2049 1909 2082 quoque

1173 2093 1433 2125 successionibus
1466 2092 1587 2124 attendi
1613 2097 1644 2124 et
1668 2091 1831 2124 observari
1856 2092 1911 2123 de-

1174 2146 1250 2178 bere
1275 2147 1421 2178 volumus
1439 2156 1475 2177 ac
1499 2145 1677 2184 statuimus,
1708 2154 1909 2187 quacumque

1174 2198 1296 2240 pariter
1327 2198 1486 2230 bonorum
1517 2201 1549 2229 et
1579 2207 1791 2239 personarum
1821 2195 1911 2228 diffe-

1175 2250 1277 2282 rentia
1302 2254 1333 2282 et
1357 2249 1628 2289 consideratione,
1653 2255 1688 2281 ut
1712 2259 1819 2291 supra,
1835 2249 1909 2280 sub-

1177 2304 1248 2336 latis
1272 2303 1304 2334 in
1336 2302 1375 2334 iis
1411 2302 1554 2342 casibus,
1586 2302 1620 2334 in
1650 2301 1765 2344 quibus
1797 2301 1910 2333 eadem

1177 2361 1296 2388 statuta
1328 2360 1360 2388 et
1393 2357 1481 2398 leges
1510 2357 1630 2388 locales
1659 2355 1691 2386 in
1719 2355 1778 2386 hac
1802 2354 1910 2397 specie

1179 2414 1310 2441 testatae
1335 2408 1551 2441 successionis
1575 2408 1791 2440 masculorum
1817 2407 1856 2439 de
1881 2417 1912 2438 a·

1178 2461 1329 2503 guntione
1355 2462 1463 2494 favore
1488 2461 1681 2504 disponunt,
1708 2459 1833 2502 quoties
1859 2459 1913 2492 de-

1178 2514 1359 2546 cedentium
1392 2513 1553 2547 contraria
1585 2523 1736 2557 expressa
1764 2514 1911 2546 voluntas

1178 2576 1244 2598 non
1268 2566 1468 2601 adversetur.

1395 228 1399 230 c
1894 202 1944 228 An.
1962 198 1994 229 C,
2020 197 2094 230 ¹680

1152 261 1246 291 nem,
1274 250 1519 284 similitudinem
1551 255 1582 283 et
1605 250 1914 291 combinationemp
1946 282 1949 285 .

1936 290 1944 306 t
