2111 3157
141 201 189 229 Λιι.
209 202 238 229 C.
264 202 328 229 1688
377 194 438 226 871'1

335 253 449 286 deatur
466 251 632 286 observari
652 250 772 284 debere
794 259 810 281 a
835 246 1071 291 professoribus

334 306 412 346 suis,
439 316 499 339 nos
525 305 592 345 alii,
620 303 675 348 qui
701 301 926 336 carthusiense
952 310 1073 343 propo-

334 360 431 392 situm
456 358 668 401 suscepimus,
694 367 711 388 a
736 366 799 399 quo
819 360 851 387 et
867 353 1073 387 Carthusien-

333 423 383 446 ses
408 420 656 454 nuncupamur,
683 419 785 452 quare
821 412 886 440 tam
922 407 960 440 de
987 406 1072 439 facili

334 475 495 504 exeamus,
523 463 585 496 nisi
610 462 693 495 iusta
717 461 818 494 instet
842 458 1020 493 necessitas
1040 464 1073 491 et

334 528 431 561 super
456 518 519 550 hoc
544 515 806 559 dispensationes
835 511 1072 557 procuremus?

376 582 419 605 v1.
447 570 575 603 Utinam
609 568 852 602 attenderemus
889 575 1001 599 omnes
1041 570 1072 597 et

332 625 436 658 adhuc
470 623 609 656 maxime
646 621 769 654 odibile
809 619 893 653 veris
927 617 1071 652 eremitis

331 677 469 721 vagandi
486 687 543 721 per
560 676 715 709 mundum
732 673 881 714 officium,
900 672 1070 716 proprium

331 731 478 774 ipsorum
500 729 704 772 evagantium
725 727 916 772 periculum,
936 735 1069 759 suorum

330 783 551 817 subiectorum
576 783 732 815 iacturam
764 786 796 814 et
830 778 1069 823 praeiudicium

330 837 473 880 (quibus
499 835 627 879 priores
653 835 738 868 inter
763 839 886 873 cetera,
914 841 997 876 quae
1023 831 1069 865 eis

330 891 451 923 debent
476 888 597 933 quietis
622 893 655 921 et
680 886 864 921 stabilitatis
883 890 915 918 et
931 885 1068 919 aliorum

330 948 460 976 nostrae
475 941 643 985 religionis
657 940 894 979 exercitiorum,
910 938 1067 982 praebere

329 997 450 1030 ‹lebent
475 1007 509 1029 se
535 996 624 1039 ipsos
650 996 683 1027 in
709 993 926 1037 exemplum),
953 992 1067 1025 ultimo

329 1050 524 1083 intuentium
563 1049 751 1082 scandalum
789 1058 805 1079 a
842 1046 961 1090 quibus
997 1055 1069 1078 san-

329 1103 441 1136 ctuarii
469 1102 605 1146 lapides,
628 1111 693 1134 non
714 1100 866 1143 quilibet,
889 1099 944 1132 sed
972 1098 1067 1132 etiam

328 1158 512 1199 angulares,
538 1155 674 1188 aliorum
699 1154 825 1187 scilicet
848 1153 961 1196 capita,
984 1152 1069 1185 idest

328 1210 465 1253 priores,
479 1209 510 1241 in
529 1208 633 1251 capite
652 1209 833 1250 platearum
851 1205 1002 1248 dispersi,
1016 1215 1069 1248 op-

328 1262 463 1306 probrio
498 1262 662 1294 habentur
694 1265 724 1293 et
757 1258 975 1302 contemptui:
1014 1257 1067 1301 qui

328 1316 353 1349 si
381 1316 412 1348 in
437 1313 580 1354 intimis,
608 1313 640 1346 in
673 1312 862 1346 abscondito
888 1311 982 1344 faciei
1011 1310 1070 1343 Do-

329 1368 407 1401 niini
445 1372 587 1405 starent,
625 1366 713 1409 digni
751 1366 850 1398 multa
888 1362 1068 1397 reverentia

329 1422 540 1454 haberentur.
561 1419 662 1459 Unde,
681 1424 834 1462 quantum
855 1422 990 1461 propter
1007 1417 1070 1449 hoc

329 1475 467 1507 maxime
500 1473 672 1506 vilesceret
707 1471 792 1505 Ordo
829 1476 938 1504 noster
974 1469 1069 1502 etiam

331 1528 416 1570 apud
441 1527 635 1565 saeculares
658 1526 689 1558 in
708 1530 863 1568 promptu
882 1529 930 1556 est
947 1523 1067 1556 videre.

330 1581 458 1613 Utinam
477 1590 556 1623 ergo
575 1579 605 1611 id
625 1579 805 1618 attendant,
827 1576 889 1621 qui,
909 1582 1070 1620 tamquam

331 1644 391 1677 pro
416 1633 521 1666 nihilo
548 1632 668 1664 habere
695 1636 726 1664 et
751 1631 839 1674 quasi
869 1630 981 1663 ludum
1006 1630 1071 1662 exi-

333 1686 464 1719 stimare
500 1686 644 1718 volentes
670 1683 822 1717 Ordinem
856 1688 1011 1721 nostrum,
1039 1682 1070 1714 in

334 1740 397 1772 lioc
424 1744 455 1772 et
479 1738 511 1770 in
538 1738 608 1770 aliis
635 1736 722 1780 parri
747 1736 932 1780 penderent
955 1744 1073 1779 propo-

334 1793 429 1826 situm
456 1791 541 1835 quod
559 1795 784 1833 susceperunt.

377 1856 433 1879 vn.
461 1846 503 1878 De
527 1844 670 1878 vestibus
703 1843 800 1876 etiam
825 1848 857 1876 et
881 1843 921 1876 de
947 1843 1073 1886 equita-

337 1900 414 1932 turis
448 1898 607 1932 accuratis
640 1902 671 1930 et
707 1897 860 1941 pretiosis
901 1903 1072 1930 commune

336 1953 527 1996 capitulum,
554 1951 614 1991 cui,
642 1951 723 1983 sicut
752 1950 971 1994 promisimus,
998 1949 1074 1982 obe-

338 2007 407 2039 ‹lire
433 2011 592 2044 tenemur,
620 2004 810 2047 frequenter
835 2003 1073 2036 admonitiones

339 2059 414 2091 fecit
439 2064 469 2091 et
494 2059 595 2090 multa
621 2057 769 2097 instituit,
795 2057 879 2089 unde
898 2057 986 2089 nulla
1004 2066 1075 2099 pos-

340 2118 389 2145 set
414 2111 539 2144 admitti
574 2110 749 2149 excusatio,
786 2110 812 2142 si
849 2109 1077 2152 reperirentur

341 2163 489 2208 qnidem¹
517 2163 602 2207 apud
627 2173 693 2203 nos,
716 2163 781 2206 qui,
801 2162 942 2196 nitentes
967 2163 999 2195 in
1025 2173 1077 2195 ve-

342 2220 445 2257 titum,
459 2222 569 2261 spreto
583 2216 734 2259 capitulo,
753 2221 783 2249 et
801 2227 859 2260 per
872 2225 1077 2260 consequens

343 2276 455 2315 spreto
482 2271 557 2309 Deo,
585 2270 674 2303 cuius
700 2280 776 2313 erga
808 2281 866 2303 nos
895 2270 1003 2313 ipsum
1029 2281 1079 2304 ca-

344 2324 483 2356 pitulum
508 2323 573 2366 agit
596 2322 693 2364 vices,
719 2326 893 2367 spretaque
919 2323 1079 2366 propositi

346 2377 447 2410 nostri
463 2378 610 2414 censura,
626 2386 719 2418 quae,
738 2381 859 2419 quanto
876 2376 1079 2419 propositum

349 2429 494 2471 asperius
515 2429 700 2468 subivimus,
718 2434 806 2462 tanto
827 2430 865 2462 ad
883 2429 1081 2462 attritionem

351 2488 383 2514 et
409 2482 622 2514 humilitatem
647 2482 781 2515 vestium
804 2489 834 2516 et
859 2483 1082 2516 universorum

351 2546 431 2579 quae
458 2537 496 2567 ad
521 2547 612 2567 usum
638 2543 780 2568 nostrum
807 2537 974 2579 pertinent
998 2537 1084 2570 utili-

390 2601 399 2624 ¹
423 2598 516 2625 Potius
537 2598 593 2631 lege
614 2599 735 2632 quidam
757 2600 791 2633 (R.
808 2602 857 2633 T.).

917 197 1095 223 BFLLARIL‘M
1121 197 1271 222 notuitx't'nt

1115 245 1242 286 tatem¹,
1259 245 1476 279 abiectionem
1495 251 1526 279 et
1550 252 1772 290 paupertatem
1797 257 1850 282 su-

1115 309 1173 341 per
1197 309 1309 332 omnes
1334 299 1420 343 alios,
1440 300 1619 333 monachos
1636 311 1697 334 nos
1716 301 1851 335 adstrin-

1115 352 1168 394 git,
1194 357 1248 384 aut
1265 352 1330 396 qui,
1352 352 1444 386 obliti
1461 359 1589 386 sanctae
1612 353 1801 390 rusticitatis
1818 360 1851 388 et

1115 405 1233 448 arrepti
1259 405 1429 448 propositi,
1457 405 1489 438 in
1515 406 1566 439 his
1592 411 1624 440 et
1647 407 1717 440 aliis
1737 408 1849 441 multis

1114 458 1284 491 lacticiniis
1306 464 1421 492 contra
1441 458 1648 492 sobrietatem
1666 465 1698 493 et
1713 460 1851 504 parcita-

1116 516 1178 543 tem
1204 511 1332 546 Ordinis
1350 511 1451 545 nostri
1473 514 1717 556 complacerent
1739 513 1800 546 sibi
1817 512 1850 547 in

1113 564 1337 597 confusionem
1352 564 1400 597 sui
1414 564 1568 608 ipsorum,
1588 570 1619 598 et
1635 565 1764 599 Ordinis
1781 566 1851 600 Car-

1115 617 1289 650 thusiensis
1318 617 1531 661 ignominiam
1563 624 1595 652 et
1625 619 1848 662 opprobrium,

1114 671 1176 704 imo
1203 671 1234 704 lii
1261 681 1319 714 pro
1344 671 1479 706 maxima
1504 677 1595 715 parte
1627 672 1851 706 iudicarentur

1113 735 1177 757 non
1206 730 1328 757 tantum
1355 735 1527 759 enervasse
1546 726 1746 760 eremiticum
1764 727 1852 770 rigo·

1114 789 1191 817 rem,
1219 779 1276 811 scd
1299 778 1394 812 etiam
1421 784 1558 822 propter
1590 780 1850 823 superfluitatem

1113 837 1143 864 et
1167 833 1284 865 multas
1309 831 1556 865 adinventiones
1582 833 1692 866 talium
1725 838 1850 866 nostra-

1113 895 1182 917 rum
1204 893 1385 917 eremorum
1407 885 1478 917 loca
1495 885 1557 918 sibi
1579 894 1645 918 non
1663 885 1851 919 sufficerent

1112 939 1148 971 ad
1176 948 1353 982 expensas:
1380 939 1466 971 unde
1492 938 1628 971 forsitan
1650 938 1790 982 quidem,
1809 939 1849 972 ad

1112 1003 1157 1031 ea,
1183 1002 1264 1035 qnae
1284 1000 1348 1024 non
1371 991 1550 1034 expediunt
1565 1002 1624 1024 nec
1641 991 1849 1032 conveniunt,

1112 1045 1176 1077 imo
1202 1053 1283 1087 quae
1316 1055 1377 1077 nec
1402 1043 1495 1077 nobis
1531 1044 1643 1084 licent,
1684 1044 1851 1078 mitterent

1112 1108 1251 1137 manum,
1279 1098 1342 1130 hoc
1367 1102 1414 1130 est
1432 1097 1471 1129 ad
1490 1097 1697 1140 evagationes
1717 1097 1850 1130 crebras

1112 1162 1171 1194 per
1196 1150 1349 1184 mundum
1376 1150 1423 1193 (cz)
1459 1155 1593 1193 propter
1632 1154 1783 1193 quaestus
1819 1156 1851 1184 et

1113 1204 1300 1238 occasiones
1317 1205 1434 1237 multas
1452 1203 1579 1243 calvas³,
1596 1203 1635 1236 ad
1655 1203 1851 1237 dilationes⁴

1113 1257 1322 1290 terminorum
1348 1262 1379 1290 et
1402 1257 1594 1300 plerumque
1632 1257 1672 1290 ad
1703 1256 1849 1290 redditus

1114 1317 1202 1343 extra
1232 1309 1432 1354 quibuslibet
1464 1309 1766 1354 dispensationibus
1802 1320 1852 1343 ca-

1114 1364 1304 1407 pessendos.

1157 1427 1226 1450 viu.
1253 1417 1291 1449 Et
1315 1415 1467 1460 quoniam
1493 1415 1570 1449 talia
1594 1416 1695 1449 multa
1726 1416 1852 1460 aliquo·

1114 1471 1174 1504 ties
1200 1473 1351 1503 attentata
1384 1474 1459 1502 sunt
1484 1475 1598 1502 contra
1621 1474 1694 1502 vota
1719 1475 1850 1510 nostra,

1116 1530 1147 1557 et
1182 1524 1287 1556 adhuc
1324 1521 1473 1555 attentari
1505 1527 1659 1565 possent,
1697 1524 1850 1565 generale

1115 1578 1303 1621 capitulum,
1331 1575 1418 1619 quod
1443 1575 1485 1608 ob
1510 1581 1659 1608 tenorem
1678 1580 1708 1608 et
1733 1575 1852 1609 stabili-

1116 1637 1210 1664 tatem
1237 1635 1268 1663 et
1298 1629 1534 1664 correctionem
1566 1629 1691 1672 antiqui
1722 1629 1852 1662 carthu-

1115 1685 1230 1718 siensis
1255 1682 1424 1727 propositi,
1447 1687 1478 1716 et
1503 1693 1626 1722 eorum,
1651 1693 1732 1726 quae
1756 1682 1853 1726 primi

1115 1743 1222 1782 patres
1247 1736 1349 1770 nostri
1381 1736 1503 1779 scripto
1533 1736 1584 1768 vel
1618 1734 1853 1768 consuetudine

1116 1791 1268 1834 religiose
1293 1789 1485 1829 servabant,
1518 1788 1699 1822 institutum
1723 1794 1794 1829 est,
1822 1794 1855 1822 et

1116 1844 1203 1888 quod
1222 1843 1321 1876 habet
1337 1852 1445 1875 curam
1459 1841 1640 1874 animarum
1659 1846 1853 1882 nostrarum,

1117 1898 1251 1938 firmiter
1286 1895 1425 1938 iniungit
1459 1894 1621 1928 universis
1659 1898 1690 1928 et
1714 1895 1853 1938 singulis

1117 1955 1180 1984 tam
1206 1948 1360 1993 praelatis
1385 1958 1482 1991 quam
1514 1947 1672 1988 subditis,
1699 1952 1754 1988 ut,
1782 1958 1855 1981 cum

1118 2003 1267 2036 noverint
1291 2001 1495 2034 inordinatos
1521 2009 1688 2039 excessuS,
1716 2000 1856 2034 vicissim

1119 2069 1152 2091 se
1177 2067 1211 2090 se
1245 2055 1436 2090 charitative
1464 2054 1654 2098 fortiterque
1671 2080 1679 2095 ‚
1714 2053 1856 2088 discrete

1119 2117 1224 2144 tamen
1251 2114 1281 2142 et
1306 2108 1339 2141 in
1364 2108 1481 2151 spiritu
1503 2107 1656 2147 lenitatis,
1673 2108 1856 2151 reprehen-

1120 2166 1206 2203 dant,
1220 2168 1250 2195 et
1266 2163 1329 2196 hoc
1353 2161 1490 2194 maxime
1509 2160 1627 2195 saciant
1647 2161 1858 2205 antiquiores,

1121 2217 1196 2250 licet
1220 2225 1332 2249 omnes
1356 2219 1528 2247 teneantur
1559 2214 1598 2247 ad
1624 2214 1859 2247 correctionem

1123 2271 1315 2310 fraternam,
1342 2268 1405 2302 nisi
1440 2268 1520 2300 sorte
1546 2266 1767 2301 verisimiliter
1790 2277 1860 2299 cre-

1157 2332 1185 2366 a)
1206 2331 1270 2357 Vide
1290 2330 1486 2357 ordinationem
1507 2328 1570 2356 anni
1589 2335 1746 2355 nnchxvni
1767 2329 1790 2354 in
1808 2330 1860 2356 fine

1124 2377 1203 2404 huius
1229 2375 1337 2411 capituli
1366 2375 1553 2409 Insequentes
1578 2373 1700 2410 speciale
1733 2373 1860 2400 manda-

1125 2426 1197 2454 lum,
1219 2424 1269 2447 ele.
1867 2419 1872 2425 ’

1162 2468 1171 2492 1
1198 2465 1297 2491 Forsan
1319 2464 1457 2492 vilitatem
1476 2465 1514 2497 (n.
1535 2463 1584 2497 ¹1¹.).

1162 2511 1177 2536 ⁰2
1199 2509 1298 2536 Forsan
1319 2509 1443 2543 quidam
1461 2510 1499 2540 (n.
1517 2509 1566 2541 τ.).

1162 2553 1178 2581 3
1197 2554 1240 2579 Sic
1259 2552 1322 2579 edit.
1344 2552 1421 2579 main.
1442 2553 1482 2585 (n.
1498 2551 1546 2586 T.).

1163 2599 1178 2625 4
1198 2597 1297 2624 Forsan
1317 2597 1471 2625 dilationes
1489 2597 1527 2632 (rt.
1543 2596 1592 2632 Τ.),

1855 199 1903 227 An.
1924 198 1953 227 C.
1976 200 2040 231 ¹638
