2111 3157
3 236 50 263 λιι.
70 233 99 262 G.
118 232 184 261 1680

23 566 60 591 oni
75 567 115 588 sint
127 566 178 588 iudi-

0 598 31 612 ’με
75 593 176 615 ordinarii

0 608 66 643 bruas.

776 236 986 260 luxtu‘jffi'rit‘s
1010 237 1038 259 Xl
1065 237 1113 260 ΓΡ.

187 282 265 316 licas
290 283 509 326 particulares,
535 294 600 316 non
626 289 731 317 autem
753 290 919 317 consuetu-

188 337 332 379 dinem),
359 337 446 380 iique
464 343 536 370 sunt
560 342 742 380 sequentes,
770 349 838 369 cum
865 337 919 369 de-

187 390 374 429 claratione,
401 391 485 433 quod
510 401 568 433 per
585 390 836 433 descriptionem
854 400 917 422 non

187 449 357 476 censeatur
381 448 517 476 statutus
537 443 617 476 ordo
643 443 769 487 aliquis,
788 454 845 476 uec
865 443 920 476 ali-

187 496 237 529 cui
262 496 541 539 praeiudicatum:

231 549 388 583 Dominus
413 549 587 582 cardinalis
611 549 817 588 camerarius,
838 548 919 581 eius-

189 614 251 646 que
276 603 412 643 auditor,
437 603 560 635 iudices
587 602 742 645 deputati,
763 602 857 634 etiam
886 602 917 634 in

187 655 408 689 criminalibus
420 666 428 695 ;

229 708 384 742 Dominus
410 707 582 742 cardinalis
606 707 755 745 vicarius,
783 707 917 750 eiusque

183 761 387 805 vicesgerens
412 766 445 794 et
467 762 703 798 locumtenens,
730 759 849 802 aliique
874 760 917 792 iu-

185 815 273 848 dices
299 815 337 847 rb
363 825 401 847 eo
426 813 588 857 deputati·,

227 867 352 901 Domini
369 867 550 900 cardinales
569 865 845 908 archipresbyteri
865 866 918 897 tri-

183 932 238 954 um
261 920 469 952 basilicarum
490 919 763 961 patriarcharum,
790 929 917 951 eorum-

185 983 249 1017 que
275 972 385 1006 vicarii
411 977 443 1006 et
466 972 647 1011 auditores,
674 971 792 1014 aliique
818 972 918 1014 depu-

184 1026 242 1059 tati
259 1037 266 1066 ;

227 1078 355 1112 Domini
380 1078 559 1111 cardinales
585 1077 730 1110 titulares
755 1078 917 1111 incorum

184 1131 284 1164 titulis
314 1131 424 1171 Urbis,
461 1136 492 1163 et
527 1130 559 1162 in
595 1141 649 1163 sex
679 1129 917 1173 episcopalibus

184 1183 417 1225 cardinalitiis,
444 1193 622 1226 eorumque
647 1183 770 1224 vicarii,
796 1183 918 1216 audito-

183 1248 246 1277 res,
270 1243 302 1270 et
326 1237 380 1270 alii
405 1237 571 1280 deputati,

227 1290 353 1324 Domini
378 1290 559 1323 cardinales
585 1296 786 1333 protectores
819 1291 918 1323 colle-

185 1344 329 1386 giorum,
366 1344 614 1383 monachorum,
652 1344 861 1386 hospitalium
887 1350 918 1376 et

184 1397 329 1430 locorum
354 1396 491 1439 piorum,
528 1406 706 1439 eorumque
739 1397 915 1437 auditores,

184 1455 216 1482 et
239 1449 294 1483 alii
319 1449 439 1482 iudices
464 1454 495 1482 et
520 1449 684 1492 deputati;

226 1501 381 1536 Dominus
417 1502 616 1544 gubernator
650 1501 757 1540 Urbis,
785 1501 916 1544 eiusque

182 1556 453 1595 locumtenentes,
479 1564 515 1587 ac
539 1554 660 1587 iudices
684 1555 806 1593 civiles,
834 1565 914 1587 unus

183 1608 232 1641 vcl
255 1608 385 1651 plures;

226 1661 381 1694 Dominus
395 1661 524 1694 auditor
543 1660 700 1699 Gamerae,
718 1660 853 1703 eiusque
874 1661 916 1694 lo-

184 1718 409 1747 cumtenentes
434 1719 466 1747 et
489 1714 608 1746 iudices
634 1713 797 1756 deputati;

227 1767 383 1800 Dominus
407 1772 540 1801 senator
563 1766 668 1807 Urbis,
693 1766 825 1808 eiusque
852 1767 917 1799 col-

182 1820 343 1859 laterales,
381 1825 412 1853 et
435 1819 621 1863 capitaneus
645 1818 913 1861 appellationum,

185 1878 217 1906 et
241 1873 295 1906 alii
321 1872 484 1916 deputati,

227 1926 381 1960 Dominus
400 1924 617 1958 thesaurarius
644 1924 817 1967 generalis
834 1924 917 1957 eius-

183 1990 245 2023 que
270 1979 407 2019 auditor,
432 1978 552 2021 aliique
578 1978 701 2011 iudices
725 1978 765 2010 ab
790 1988 829 2011 eo
861 1977 917 2010 de-

184 2032 295 2076 putati,
320 2032 416 2065 etiam
442 2031 473 2064 in
499 2030 739 2070 criminalibus,

226 2085 352 2119 Domini
387 2085 554 2129 praesides
585 2090 616 2117 et
646 2084 779 2126 praefati
806 2094 917 2127 respe-

184 2138 264 2172 ctive
285 2139 416 2178 viarum,
434 2137 586 2180 grasciae,
600 2136 746 2176 zet-chae,
760 2136 914 2179 riparum,

183 2201 342 2232 annonae,
368 2190 501 2224 archivii
523 2196 554 2223 et
578 2199 755 2229 carcerum,
788 2199 916 2222 eorum-

185 2255 247 2288 que
273 2244 445 2284 auditores,
471 2243 592 2286 aliique
618 2242 782 2285 deputati,

227 2296 380 2330 Dominus
405 2295 584 2339 praefectus
607 2294 689 2327 sacri
707 2294 818 2337 palatii
844 2306 916 2338 apo-

1591 228 1651 261 „371

1005 284 1156 317 Dominus
1182 285 1274 318 iudex
1301 286 1347 318 vel
1374 285 1500 318 auditor
1530 284 1691 318 confiden-

964 337 1094 378 uarum,

1005 390 1100 423 Iudex
1128 391 1265 425 fabricae
1291 393 1320 425 S.
1348 393 1451 432 Petri;

1005 444 1100 477 Iudex
1127 445 1286 485 inilitum·‚

1004 497 1101 530 Iudex
1128 498 1222 531 castri
1248 498 1279 532 S.
1308 500 1442 542 Angeli3

1005 551 1099 583 Iudex
1127 552 1316 592 triremium,
1342 563 1397 585 seu
1424 553 1623 594 maritimae;

1005 604 1191 636 Assessorcs
1209 605 1370 644 aedilium,
1389 616 1445 637 seu
1466 607 1692 649 magistrorum

961 656 1100 695 viarum,
1137 658 1301 690 consulum
1326 659 1558 700 agriculturae,
1590 670 1693 693 came-

961 709 1045 749 rarii,
1068 709 1223 752 riparum,
1241 710 1454 752 protomedici
1473 716 1504 743 et
1523 713 1692 744 consulum

961 762 1085 801 artium,
1112 764 1159 795 vel
1185 768 1399 795 mercatorum
1426 769 1456 795 et
1474 764 1690 797 dohanarum:

1004 814 1046 846 Ea
1078 815 1296 847 declaratione
1322 816 1456 855 adiecta,
1478 817 1565 858 quod
1584 817 1693 849 huius-

960 867 1047 899 modi
1072 867 1239 909 dispositio
1264 868 1370 900 locum
1402 869 1541 908 habeat,
1568 870 1692 903 etiamsi

961 919 1036 951 dicti
1062 919 1184 951 iudices
1209 930 1265 952 seu
1298 920 1439 962 deputati
1462 922 1640 963 procedant
1660 922 1691 954 in

960 972 1059 1013 gradu
1095 982 1260 1012 recursus,
1297 982 1352 1004 seu
1389 973 1420 1005 in
1456 974 1606 1006 secundis
1643 976 1692 1008 vel

960 1025 1030 1057 aliis
1055 1025 1225 1065 instantiis,
1252 1036 1334 1068 quae
1368 1027 1522 1069 praefatis
1553 1027 1693 1061 tribuna*

960 1077 1043 1110 libus
1068 1084 1304 1121 competerent3
1331 1090 1509 1122 omnesque
1529 1082 1692 1122 praefatos

961 1137 993 1163 et
1017 1131 1096 1164 alios
1121 1132 1242 1164 iudices
1269 1131 1452 1165 ordinarios
1477 1133 1515 1165 ad
1546 1144 1692 1167 normam

961 1183 1107 1217 eiusdem
1125 1184 1368 1217 constitutionis
1388 1185 1494 1218 adhuc
1515 1196 1584 1218 esse
1604 1188 1691 1226 taleS,

961 1242 1056 1280 atque
1095 1237 1127 1269 in
1165 1238 1306 1280 praesuta
1344 1237 1566 1280 prohibitione
1606 1249 1692 1272 com-

961 1289 1144 1332 prehensos
1169 1299 1248 1329 esse,
1275 1289 1420 1331 quamvis
1442 1291 1625 1324 commissio
1642 1303 1692 1323 su-

961 1342 1142 1385 perveniat,
1174 1343 1222 1375 vel
1249 1342 1335 1384 quod
1366 1342 1412 1375 eis
1443 1341 1627 1385 iniungatur
1658 1350 1692 1376 ut

960 1395 1141 1438 procedant
1165 1394 1204 1427 de
1230 1396 1278 1427 vel
1300 1406 1372 1428 cum
1395 1400 1466 1428 voto
1499 1395 1599 1429 Rotae
1624 1396 1690 1430 sive

960 1447 1091 1480 alterius
1128 1447 1299 1480 tribunalis
1337 1449 1387 1480 vel
1424 1458 1599 1490 personae,
1636 1455 1692 1481 aut

960 1500 1047 1543 quod
1072 1500 1250 1543 procedere
1287 1499 1499 1542 profiteantur
1529 1510 1587 1542 pro
1612 1501 1691 1533 Exe-

958 1557 1081 1595 qztalttr
1115 1553 1292 1585 litterarum
1331 1553 1599 1595 apostolicarum,
1625 1554 1690 1586 sire

959 1605 990 1637 in
1016 1605 1077 1638 rim
1102 1606 1333 1647 cuiuscumque
1357 1605 1575 1648 deputationis
1597 1617 1690 1648 genc-

960 1658 1046 1698 ralis,
1066 1663 1097 1691 et
1121 1659 1247 1701 quoties
1267 1669 1333 1691 non
1351 1659 1389 1691 sit
1407 1669 1557 1701 expressa
1574 1665 1605 1691 et
1622 1670 1691 1701 spe-

959 1711 1046 1743 cialis
1071 1711 1237 1754 deputatio
1255 1712 1293 1744 ad
1310 1717 1414 1744 certas
1432 1718 1462 1743 et
1479 1711 1690 1754 particulares

959 1774 1077 1804 causas,
1103 1764 1188 1797 unde
1215 1764 1275 1797 dici
1301 1765 1426 1797 valeant
1451 1764 1515 1797 veri
1542 1765 1691 1797 commis-

958 1816 1054 1857 sarii,
1094 1823 1129 1849 ut
1166 1827 1282 1860 supra,
1318 1818 1403 1850 salva
1429 1821 1555 1856 tamen,
1583 1817 1690 1859 quoad

958 1869 1136 1902 auditorem
1161 1868 1323 1907 Gamerae,
1348 1869 1561 1912 dispositione
1587 1870 1690 1903 dictae

959 1921 1196 1955 constitutionis
1222 1922 1311 1955 Pauli
1336 1922 1358 1953 V
1384 1921 1414 1954 in
1440 1922 1532 1954 titulo
1565 1923 1604 1955 de
1636 1933 1690 1954 au-

960 1975 1064 2008 ditore
1088 1975 1252 2014 Gamerae,
1276 1975 1290 2017 §
1315 1974 1525 2007 Permittitur
1551 1975 1687 2016 tamen¹;

959 2034 1054 2072 atque
1080 2028 1157 2061 alias
1182 2027 1339 2071 quidquid
1366 2028 1462 2060 etiam
1488 2033 1604 2070 sponte
1630 2038 1686 2060 so-

960 2084 1060 2115 lutum
1095 2087 1199 2121 essct,
1224 2081 1373 2114 illicitum
1400 2081 1524 2114 censeri
1550 2081 1687 2122 debeat;

958 2135 1097 2178 ideoque
1133 2139 1194 2166 tam
1219 2134 1340 2167 iudices
1373 2144 1466 2176 quam
1502 2134 1618 2167 notarii
1642 2145 1690 2168 re-

958 2188 1115 2231 cipientes
1131 2188 1296 2220 incurrere
1318 2192 1513 2220 censeantur
1526 2187 1557 2219 in
1567 2198 1687 2230 poenas

958 2241 1093 2274 inssictas
1119 2250 1179 2283 per
1203 2240 1452 2273 constitutiones
1479 2240 1686 2282 apostolicas,

956 2304 1062 2337 neque
1101 2293 1145 2326 ita
1179 2293 1320 2325 solutum
1359 2292 1465 2325 veniat
1488 2292 1546 2325 sub
1571 2293 1688 2327 conde·

185 2348 304 2388 stolici,
329 2349 462 2391 eiusque
487 2347 616 2381 auditor
640 2352 671 2379 et
694 2347 915 2380 locumtenen-
957 2346 1120 2379 mnatione
1142 2351 1172 2378 et
1190 2347 1260 2378 taxa
1277 2355 1503 2388 expensarum
1531 2346 1687 2388 quinimo,

185 2407 243 2443 tes,
268 2413 305 2436 ac
340 2402 392 2435 alii
418 2401 571 2445 deputati,
608 2405 672 2432 tam
699 2400 804 2443 quoad
829 2401 915 2442 pala·
956 2404 991 2431 ut
1015 2399 1152 2437 eisdem,
1172 2398 1225 2442 qui
1250 2398 1427 2437 solverunt,
1453 2404 1615 2441 competat
1640 2409 1687 2432 re-

184 2455 280 2495 tinos,
298 2465 393 2498 quam
419 2454 524 2497 quoad
549 2453 723 2486 Tusculum
747 2457 778 2485 et
802 2453 915 2486 Arcem
957 2452 1093 2495 peritio²
1117 2456 1181 2484 tam
1205 2461 1223 2484 a
1257 2451 1364 2483 iudice
1397 2461 1491 2494 quam
1516 2462 1534 2483 a
1558 2452 1685 2484 notario

185 2507 401 2551 Guandulphi,
426 2511 457 2540 et
481 2506 591 2545 villas;

992 2532 1002 2557 1
1026 2530 1089 2557 Vide
1104 2534 1168 2557 torn.
1184 2535 1219 2562 xi,
1239 2537 1299 2565 pag.
1314 2530 1358 2563 67,
1380 2529 1426 2557 ubi
1445 2529 1543 2566 legitur
1561 2530 1686 2558 Permit-

229 2560 378 2593 Dominus
396 2558 631 2593 commissarius
645 2568 817 2599 armorum,
833 2558 916 2592 eius·
957 2576 1042 2602 timus
1062 2577 1157 2602 tamen
1175 2575 1216 2608 (Η,
1233 2576 1283 2606 Τ,),

187 2621 248 2656 que
273 2612 412 2654 auditor,
438 2612 485 2645 vel
511 2611 565 2646 alii
591 2610 758 2656 deputati3

991 2619 1007 2646 2
1027 2618 1126 2645 Forsan
1145 2617 1276 2653 repetitio
1296 2618 1335 2653 (R.
1355 2617 1405 2656 τ.).

1698 237 1746 264 An.
1764 237 1791 265 C.
1816 238 1881 264 tosa
