2111 3157
653 339 926 421 INDEX
993 339 1595 422 RUBRICAR-UM

878 490 1402 537 CONSTITUTIONUM

678 611 1125 668 INNOCENTII
1181 611 1433 668 PAPAE
1488 612 1569 668 XI

448 729 502 757 AB
536 728 648 758 ANNO
681 729 807 757 PRIMO
841 729 895 758 AD
929 729 1075 758 ANNUM
1108 728 1480 758 DECIMUMTERTIUM
1514 729 1563 757 ET
1598 728 1795 757 ULTIMUM.

353 1077 375 1109 1.
391 1076 812 1110 CommittiturMaioricensi
827 1077 1032 1119 episcop0,ut
1045 1076 1103 1108 Ma-

442 1130 571 1169 ioricac,
594 1130 792 1173 supplicante
813 1129 946 1168 civitate,
961 1134 991 1161 et
1005 1129 1104 1161 omni-

443 1183 502 1214 bus
522 1182 680 1224 religiosis
701 1181 949 1214 Mendicantibus
976 1191 1104 1214 consen-

443 1234 613 1275 tientibus,
643 1234 832 1267 coenobium
864 1235 997 1267 fratrum
1026 1234 1103 1277 Cap-

443 1288 652 1331 puccinorum
697 1288 869 1331 apostolica
918 1288 1104 1320 auctoritate

447 1341 628 1380 constituat,
655 1342 683 1373 1.

358 1395 393 1427 ΙΙ.
418 1394 630 1429 Confirmatur
654 1395 817 1426 decretum
836 1394 866 1427 S.
884 1393 1108 1436 Congregatio-

444 1449 492 1481 nis
515 1448 742 1491 episcoporum
767 1453 797 1480 et
817 1447 1024 1489 regularium,
1045 1457 1108 1490 quo

446 1501 594 1533 statuitur
628 1501 741 1533 fratres
778 1499 904 1533 Ordinis
930 1499 981 1532 SS.
1009 1499 1108 1531 Trini-

446 1555 517 1587 tatis
542 1553 783 1597 Redemptionis
808 1554 1011 1596 Captivorum
1038 1563 1109 1595 pro-

445 1607 569 1639 vinciae
594 1606 807 1648 portugalliae
841 1606 975 1648 gradum
1001 1616 1110 1649 super-

446 1660 618 1692 numerarii
646 1660 788 1702 magislri
822 1659 1004 1702 apostolicis
1028 1659 1109 1691 litte-

446 1713 489 1745 ris
524 1722 709 1745 concessum
744 1712 868 1755 assequi
902 1722 965 1745 non
994 1723 1108 1755 posse,

446 1766 507 1799 nisi
535 1767 566 1798 in
597 1766 739 1798 examine
772 1766 876 1799 idonei
902 1767 1110 1809 comproben-

449 1826 512 1856 tur.
537 1820 566 1852 3.

359 1874 408 1907 ΙΙΙ.
434 1873 571 1906 Ecclesia
593 1873 783 1906 cathedralis
801 1872 829 1905 S.
849 1873 1023 1906 Salvatoris
1042 1873 1112 1905 Bra-

449 1926 595 1966 siliensis,
617 1926 703 1959 salvo
730 1926 987 1970 iurcpatronatus
1012 1925 1111 1975 regio,

448 1981 480 2012 in
505 1980 783 2023 metropolitanam
810 1980 954 2023 erigitur,
984 1980 1013 2012 5.

366 2034 412 2066 IV.
439 2033 594 2077 Oppidum
620 2033 659 2065 de
684 2033 795 2066 Olinda
819 2044 837 2066 a
862 2034 998 2066 dioecesi
1026 2033 1112 2065 urbis

451 2088 480 2120 S.
496 2087 670 2120 Salvatoris
685 2087 722 2119 de
741 2087 837 2119 Bahia
854 2087 1112 2137 dismembratur‚

453 2146 481 2173 et
503 2141 567 2172 suis
593 2140 800 2184 praescriptis
825 2140 978 2173 limitibus
1005 2141 1113 2175 civitas

451 2204 517 2226 esse
532 2193 725 2233 decernitur,
741 2194 871 2236 eiusque
890 2194 1034 2234 ccclesia,
1050 2194 1113 2227 Sal-

452 2247 550 2280 vatori
576 2247 689 2286 dicata,
724 2247 913 2280 cathedralis
947 2247 1112 2281 constitui-

456 2304 515 2338 tur,
543 2300 573 2331 7.

370 2354 401 2384 V.
438 2353 578 2395 Erigitur
614 2354 764 2397 oppidum
802 2354 830 2386 S.
869 2354 1042 2387 Sebastiani
1081 2355 1111 2386 in

452 2416 551 2447 regno
589 2407 737 2438 Brasiliac
772 2407 801 2438 in
827 2407 1005 2446 civilatem,
1031 2407 1112 2439 eius-

454 2470 513 2501 que
532 2460 664 2491 ccclesia
679 2460 870 2502 parochialis
892 2460 921 2491 in
948 2459 1111 2492 cathedra-

453 2512 525 2545 lcm,
557 2512 601 2543 12).

367 2567 413 2599 x'l.
440 2566 650 2599 Conlirmatur
674 2566 834 2598 ‹lvci-ctum
849 2566 1108 2607 Congregationis

1243 1076 1383 1114 Concilii,
1409 1087 1472 1119 quo
1497 1076 1679 1109 decernitur
1699 1075 1739 1108 ad
1759 1074 1903 1108 abbatem

1244 1128 1549 1161 commendatarium
1591 1128 1752 1171 pertinere
1788 1137 1904 1171 appro-

1244 1182 1321 1214 bare
1346 1182 1520 1215 monachos
1550 1191 1610 1225 pro
1634 1180 1798 1214 audiendis
1823 1191 1902 1213 con-

1245 1235 1435 1267 fessionibus
1470 1234 1680 1267 saccularium
1707 1234 1737 1266 in
1764 1234 1905 1267 ecclesiis

1248 1289 1513 1322 monasteriorum
1551 1288 1580 1321 S.
1622 1288 1835 1321 Scholasticae
1877 1293 1907 1320 ct

1247 1341 1276 1374 S.
1292 1341 1410 1384 Specus
1426 1341 1637 1379 Sublacensis,
1658 1340 1783 1373 Ordinis
1803 1340 1832 1374 S.
1855 1340 1907 1372 Be-

1247 1395 1374 1433 nedicti,
1399 1395 1516 1427 nullius
1541 1394 1704 1433 dioecesis,
1724 1393 1905 1437 provinciae

1248 1448 1416 1488 Romanae,
1444 1448 1493 1480 17.

1161 1501 1221 1533 Vll.
1247 1501 1450 1534 Confirmatio
1481 1500 1690 1543 quorumdam
1716 1504 1905 1532 statutorum

1249 1564 1309 1597 pro
1333 1554 1449 1587 Ordine
1470 1554 1499 1587 S.
1519 1554 1604 1586 Pauli
1635 1553 1731 1597 primi
1757 1552 1906 1585 eremitae

1250 1607 1281 1639 in
1307 1617 1406 1650 regno
1432 1607 1645 1649 Portugalliae
1670 1612 1739 1646 etc„
1765 1606 1816 1638 19.

1285 1660 1498 1693 Committitur
1538 1660 1654 1693 nuncio
1695 1659 1907 1702 Portugalliae

1251 1713 1427 1746 moderatio
1451 1712 1650 1745 inhibitionis
1680 1713 1778 1745 sactae
1802 1711 1906 1755 inqui-

1251 1767 1401 1800 sitoribus
1431 1766 1505 1799 dicti
1532 1766 1621 1809 regni
1650 1764 1859 1807 Portugalliae
1876 1765 1907 1797 in

1251 1830 1344 1852 causa
1383 1830 1531 1852 recursus
1564 1820 1723 1851 Novorum
1759 1818 1907 1851 Christia-

1251 1883 1376 1913 norum,
1402 1872 1454 1905 20.

1162 1928 1211 1960 IX.
1237 1926 1442 1960 Confirmatio
1467 1925 1584 1957 decreti
1616 1925 1699 1956 circa
1730 1924 1907 1967 processio-

1251 1980 1354 2013 nalem
1380 1980 1569 2011 delationem
1596 1978 1783 2011 cadaverum
1801 1977 1841 2010 ad
1861 1987 1908 2010 ec-

1253 2033 1363 2065 clesias
1387 2031 1594 2074 regularium,
1620 2030 1670 2063 253.

1164 2087 1198 2120 X.
1225 2085 1348 2119 Gratiae
1372 2090 1401 2117 ct
1425 2085 1590 2128 privilegia
1608 2093 1756 2117 concessa
1781 2083 1906 2116 concla-

1253 2139 1349 2175 vistis,
1376 2139 1426 2171 Μ.

1164 2193 1213 2226 Xl.
1239 2192 1463 2236 Approbantur
1488 2191 1642 2230 instituta,
1668 2189 1907 2223 constitutiones

1252 2250 1282 2279 ct
1307 2245 1497 2279 monasteria
1533 2243 1717 2277 monialium
1754 2243 1811 2275 sub
1847 2242 1903 2275 de-

1252 2298 1468 2331 nominatione
1502 2297 1701 2330 Adorationis
1734 2296 1907 2338 Pcrpetuae

1252 2352 1302 2386 SS.
1329 2351 1632 2393 Saci·a1nenti,quae
1658 2350 1718 2381 iam
1745 2349 1775 2380 in
1802 2348 1907 2390 regnis

1251 2406 1367 2439 Galliae
1393 2410 1462 2437 sunt
1489 2409 1611 2445 erecta,
1637 2408 1666 2436 cl
1691 2403 1720 2434 in
1746 2407 1907 2445 posterum

1253 2460 1423 2499 erigentur,
1440 2457 1612 2500 cademque
1628 2455 1838 2488 subiiciuntur
1853 2454 1908 2486 im-

1252 2512 1384 2544 mediate
1421 2516 1545 2543 sanctae
1581 2510 1668 2543 Sedis
1710 2509 1906 2553 Apostolicae

1250 2564 1449 2608 protectioni,
1473 2564 1525 2596 22³.

1163 1660 1236 1692 Vlll.
