2111 3157
35 182 83 206 Ar..
102 180 129 207 c.
156 179 221 207 test
267 169 331 203 596

70 1572 211 1595 Prooemium.

230 237 381 272 quoque,
408 224 539 259 indultis
571 228 602 256 et
630 220 745 255 litteris
780 216 963 262 apostolicis

229 281 262 314 in
287 279 485 314 contrarium
511 274 762 321 praemissorum
788 269 982 314 quomodo.

228 334 311 367 libet
326 331 498 369 concessis,
517 326 711 362 confirmatis
730 331 761 358 et
784 321 962 362 innovatis;

230 387 345 430 quibus
370 384 518 418 omnibus
543 386 574 414 et
599 379 742 422 singulis,
764 377 894 410 illorum
920 380 965 407 te-

229 451 327 475 nores
356 437 581 483 praesentibus
615 445 673 478 pro
705 434 801 476 plene
827 435 859 463 et
882 427 966 461 suffi-

229 495 350 527 cienter
367 489 527 535 expressis
542 499 577 522 ac
599 488 637 521 dc
654 486 753 519 verbo
773 484 813 517 ad
833 482 964 516 verbum

228 546 358 580 insertis
385 544 556 582 habentes,
579 541 643 574 illis
670 539 748 572 alias
774 538 808 570 in
834 546 890 569 suo
913 544 966 567 ro-

227 598 307 633 bore
333 595 567 641 permansuris,
591 594 629 627 ad
651 591 903 636 praemissorum
921 587 966 620 ef-

228 759 334 793 trariis
360 758 628 802 quibuscumque.

269 813 387 846 Datum
406 812 538 849 Romae,
556 808 641 853 apud
662 807 693 841 S.
720 805 852 839 Mariam
876 801 968 835 Maio·

228 878 308 905 rem,
322 866 380 900 sub
394 865 513 899 annulo
539 861 725 901 piscatoris,
752 859 803 893 die
825 867 896 892 xxxi
917 866 967 889 au-

229 921 313 964 gusti
334 927 526 958 nncnxxxm
553 914 760 961 pontificatus
785 910 887 945 nostri
913 919 968 942 an-

229 985 272 1008 no
291 984 361 1008 vm.

228 1029 230 1035 ’
265 1036 325 1064 Dat.
342 1036 385 1064 die
400 1035 430 1063 31
454 1033 562 1070 augusti
581 1032 659 1066 1684,
676 1030 772 1067 pontis.
789 1037 834 1056 an.
851 1034 908 1055 vtt1.

536 1148 662 1184 CXLVI.

233 1223 476 1266 Confirmantur
514 1221 628 1254 erectio
664 1223 693 1251 et
728 1213 971 1250 constitutiones

279 1275 545 1320 Conqreqatz’onis
574 1273 836 1317 presbyterorum
861 1272 889 1301 et
914 1267 974 1300 cle-

277 1332 422 1363 ricorum
437 1328 467 1362 S.
482 1327 613 1370 Ioseplzi
633 1327 669 1358 in
686 1323 817 1358 ecclesia
834 1321 866 1356 S.
887 1321 975 1355 Pan-

280 1383 416 1417 taleonis
440 1382 477 1414 de
505 1380 617 1413 Urbe¹.

418 1450 616 1480 Innocentius
643 1449 721 1483 Papa
741 1449 790 1483 xl,

356 1499 392 1527 ad
414 1500 590 1534 perpetuam
612 1495 658 1522 rei
678 1493 860 1521 memoriam.

280 1561 322 1596 Ex
349 1560 495 1594 iniuncto
521 1556 615 1590 nobis
641 1555 794 1589 divinitus
821 1553 976 1598 apostoli-

238 1627 294 1651 cae
320 1613 482 1648 servitutis
507 1621 649 1649 munere,
670 1609 708 1642 ad
727 1620 780 1649 ea,
803 1607 878 1652 per²
896 1618 976 1651 quae

239 1669 434 1705 christianae
449 1665 616 1700 charitatis
629 1670 724 1707 atque
735 1662 862 1707 pietatis
877 1673 976 1705 opera

240 1724 360 1766 ubique
385 1723 542 1759 locorum,
569 1716 763 1762 praesertim
788 1716 821 1748 in
846 1715 908 1748 hac
933 1715 978 1748 al-

241 1779 292 1810 ma
316 1775 399 1809 Urbe
423 1775 552 1812 nostra,
579 1783 616 1804 ex
642 1781 704 1814 qua
721 1770 882 1803 bonorum
902 1779 979 1812 ope-

243 1841 315 1863 rum
340 1829 485 1870 exempla
509 1826 541 1858 in
567 1835 679 1858 omnes
703 1822 870 1856 christiani
892 1821 980 1855 orbis

243 1889 352 1928 partes
378 1880 506 1915 assidue
539 1882 740 1922 promanant,
766 1876 872 1909 modis
905 1887 982 1909 con-

246 1936 332 1978 gruis
356 1937 597 1978 promoventur,
624 1929 846 1963 favorabiliter
877 1929 981 1962 inten-

247 1989 371 2026 dentes,
411 1983 684 2027 congregationes
721 1982 982 2015 christifidelium

807 168 988 195 BULLARIUM
1012 166 1162 190 Romnum

1007 214 1168 257 saetasque
1194 222 1253 256 pro
1280 210 1404 244 illarum
1432 209 1515 243 felici
1535 207 1691 251 regimine
1714 212 1746 241 et

1007 266 1167 311 gubernio
1193 264 1442 299 constitutiones
1474 261 1642 306 apostolici
1676 272 1746 294 mu·

1006 321 1136 354 niminis
1172 319 1335 364 praesidio
1373 316 1626 356 constabilimus,
1652 314 1744 355 sicut,

1007 374 1157 408 omnibus
1181 378 1308 406 mature
1333 370 1514 415 perpensis,
1537 369 1576 403 ad
1598 368 1745 411 omnipo-

1008 428 1103 461 tentis
1135 426 1190 461 Dei
1224 425 1360 470 gloriam
1399 435 1434 457 ac
1470 422 1600 467 pietatis
1641 421 1745 454 incre-

1006 487 1151 514 mentum
1176 486 1207 514 et
1231 480 1355 513 felicem
1378 485 1590 522 progressum
1611 473 1744 508 salubri-

1007 540 1054 567 ter
1080 535 1110 567 in
1136 534 1271 575 Domino
1297 532 1448 576 expedire
1470 530 1675 564 arbitramur.

1050 588 1120 632 §l.
1152 587 1276 631 Exponi
1312 585 1472 629 siquidem
1508 583 1603 616 nobis
1639 590 1744 625 nuper
1780 594 1937 623 speemfaffi

228 653 368 691 sectum,
394 651 456 683 hac
481 649 547 682 vice
574 649 754 685 dumtaxat,
780 641 966 688 specialiter
985 683 987 693 Ι
1007 639 1154 673 fecerunt
1178 634 1299 673 dilectii
1325 637 1382 671 filii
1407 635 1586 681 presbyteri
1606 645 1662 668 seu
1679 634 1745 667 cle·

1010 799 1069 831 saut
1094 798 1267 838 institutae,
1292 798 1380 842 quod
1412 798 1530 831 dudum
1564 795 1666 829 felicis
1697 806 1747 829 re-

1009 852 1206 886 cordationis
1243 851 1360 885 Paulus
1393 851 1480 895 Papa
1503 850 1526 883 V
1557 850 1748 894 praedeces-

1009 915 1063 937 sor
1087 909 1195 938 noster
1219 903 1516 937 confraternitatem
1534 914 1591 937 seu
1609 903 1749 946 Congre-

1011 958 1174 1001 gationem
1197 958 1257 991 sub
1283 959 1377 991 titulo
1404 968 1460 991 seu
1481 957 1747 991 denominatione

1011 1010 1265 1044 Mortificationis
1288 1011 1322 1044 in
1347 1011 1488 1045 oratorio
1514 1010 1749 1044 Purificationis

1012 1065 1127 1098 Beatae
1152 1064 1268 1100 Mariae
1293 1065 1431 1108 Virginis
1456 1075 1559 1109 prope
1577 1064 1750 1098 ecclesiam

1012 1119 1043 1152 S.
1070 1119 1234 1152 Laurentii
1260 1119 1293 1152 in
1318 1119 1453 1152 Damaso
1479 1120 1518 1153 de
1535 1120 1648 1154 eadem
1665 1118 1751 1153 Urbe

1013 1173 1086 1214 sito,
1111 1173 1150 1206 ad
1175 1173 1447 1217 supplicationem
1473 1179 1549 1207 tunc
1579 1173 1613 1206 in
1638 1173 1752 1206 huma-

1016 1226 1064 1259 nis
1089 1227 1212 1269 agcntis
1239 1226 1329 1260 Pauli
1354 1227 1484 1268 Mottae,
1511 1238 1571 1271 per
1595 1227 1753 1270 quasdam

1016 1291 1088 1314 suas
1115 1280 1146 1312 in
1172 1279 1270 1313 simili
1297 1280 1397 1313 forma
1422 1281 1531 1314 Brevis
1555 1281 1679 1314 litteras
1697 1290 1752 1313 an-

1018 1347 1058 1369 no
1083 1343 1187 1368 tincxx
1212 1334 1376 1378 expeditas
1407 1335 1531 1375 erexit;
1559 1339 1590 1368 et
1614 1334 1753 1368 subinde

1018 1389 1211 1423 recolendae
1243 1387 1420 1421 memoriae
1450 1387 1658 1421 Innocentius
1690 1389 1751 1422 Pa-

1018 1454 1058 1487 pa
1084 1443 1119 1483 X,
1137 1443 1233 1475 ctiam
1259 1442 1494 1485 praedecessor
1517 1446 1641 1483 noster,
1668 1453 1755 1476 eam-

1019 1497 1090 1530 dem
1129 1495 1446 1538 congregationem,
1473 1495 1532 1528 sub
1566 1496 1657 1530 titulo
1697 1506 1756 1530 seu

1018 1548 1220 1582 invocatione
1244 1548 1276 1581 S.
1300 1548 1430 1591 losephi
1448 1548 1486 1581 de
1504 1559 1586 1583 novo
1600 1555 1754 1590 erectam,

1020 1614 1077 1647 per
1115 1601 1268 1646 quasdam
1305 1612 1380 1635 suas
1416 1602 1542 1646 pariter
1580 1605 1611 1637 in
1653 1604 1758 1638 forma

1021 1656 1128 1690 Brevis
1163 1656 1285 1689 litteras
1320 1666 1404 1689 anno
1430 1666 1570 1691 nocxtrx
1594 1664 1757 1692 emanatas

1021 1711 1051 1742 in
1078 1709 1256 1752 praefatam
1292 1709 1459 1742 ecclesiam
1493 1709 1523 1743 S.
1551 1710 1758 1744 pantaleonis

1022 1763 1054 1795 in
1093 1761 1254 1794 Montibus
1290 1762 1329 1794 dc
1369 1761 1451 1797 Urbe
1487 1764 1664 1804 transtulit,
1704 1764 1760 1798 ubi

1023 1814 1170 1849 nonnulli
1195 1814 1378 1858 presbyteri
1404 1815 1506 1858 ipsius
1532 1816 1761 1860 Congregatio-

1024 1870 1073 1902 nis
1098 1868 1319 1908 convivebant,
1344 1868 1403 1901 snb
1428 1880 1563 1912 quorum
1582 1870 1761 1904 directione

1025 1922 1078 1955 alii
1103 1921 1281 1954 confratres
1313 1931 1378 1954 non
1413 1922 1619 1956 conviventes
1645 1923 1685 1957 ad
1706 1924 1763 1957 ob·

1027 1975 1133 2009 eunda
1158 1974 1336 2017 spiritualia
1368 1985 1479 2008 corum
1510 1976 1666 2010 exercitia
1694 1987 1766 2011 con-

1748 158 1802 185 An.
1819 157 1848 185 C·
1872 157 1941 186 ¹084

1755 624 1809 650 qnod
1819 624 1893 643 iterum
1901 623 1938 642 ‹le-

1755 649 1854 680 sen-ibitur
1869 650 1889 668 in
1904 655 1938 668 sc-

229 711 260 738 et
284 715 419 749 expesse
445 704 655 746 derogamus,
681 699 863 742 ceterisque
892 705 966 728 con·
985 703 991 748 l
1009 692 1066 726 rici
1084 692 1353 736 Congregationis
1374 692 1432 725 sub
1455 690 1545 723 titulo
1563 689 1594 722 S.
1613 679 1828 731 tosept⁷1iffl¹⁰⁰²¹
1843 674 1937 697 ΨΜ*

986 751 988 773 ⁴
1009 756 1040 778 m
1066 746 1201 779 ecelesia
1221 745 1252 778 S.
1273 743 1479 778 pantaleonis
1496 743 1535 776 de
1555 741 1638 776 Urbe
1656 752 1747 785 prae-

247 2041 279 2073 in
305 2040 336 2073 id
362 2040 464 2082 ipsum
490 2035 643 2070 laudabili
669 2035 776 2068 studio
802 2035 986 2068 incumben-
1029 2028 1211 2063 veniebant.
1238 2028 1370 2069 Verum,
1398 2039 1469 2061 cum
1496 2029 1572 2062 dicti
1602 2041 1668 2063 non
1693 2041 1767 2065 con·

249 2099 298 2126 tes
330 2091 508 2135 apostolico
546 2091 653 2122 favore
679 2087 920 2132 prosequunur,
957 2093 1010 2121 et.
1030 2083 1171 2116 viventes
1197 2081 1490 2128 (long-rogationem
1512 2083 1700 2117 huiusmodi
1718 2084 1768 2117 de·

251 2147 336 2179 circa
361 2156 469 2178 carum
496 2148 611 2176 statum
636 2147 723 2175 recte
753 2147 849 2185 atque
875 2142 988 2175 ordine
1030 2136 1218 2175 semissem,
1244 2146 1304 2168 nec
1334 2135 1373 2168 ad
1406 2137 1506 2169 ullum
1536 2137 1724 2170 exercitium
1749 2148 1769 2171 a

254 2198 490 2241 disponendum
516 2198 609 2229 datae
634 2195 728 2228 nobis
747 2206 763 2227 a
780 2196 917 2228 Domino
935 2206 990 2238 po-
1032 2190 1163 2232 triginta
1180 2188 1311 2222 circiter
1331 2189 1423 2222 annis
1441 2190 1659 2231 convenirent,
1678 2201 1768 2234 prae-

254 2251 400 2285 testatis³
424 2251 546 2294 pariter
571 2250 713 2282 libenter
737 2248 989 2292 interponimus,

295 2358 303 2383 1
337 2357 409 2383 Aliae
442 2356 542 2382 similes
570 2355 796 2389 Congregationes
827 2354 993 2389 approbatae

258 2403 367 2430 fuerunt
386 2402 418 2427 ab
440 2401 489 2426 boc
512 2400 638 2426 l'onlilice
660 2400 766 2426 constit.
788 2399 830 2425 ed.
853 2405 992 2429 mncxxxtu,

261 2448 303 2474 die
324 2449 357 2473 20
382 2446 453 2473 iunii,
476 2445 567 2477 pontis.
591 2451 635 2475 vu,
659 2448 685 2470 et
707 2444 740 2470 ab
766 2444 916 2470 Alexandro
938 2443 993 2469 Vlll

263 2491 370 2519 constit.
386 2489 417 2515 ed
445 2496 540 2521 nuum,
563 2489 605 2514 die
623 2489 653 2514 13
673 2488 845 2522 septembris,
862 2487 955 2522 pontif.
976 2493 993 2514 l.

298 2537 314 2561 ‘l
332 2533 479 2567 l'raeposit.
495 2541 548 2566 per
564 2540 611 2557 uos
627 2531 749 2557 addimus
768 2536 806 2560 (n.
823 2534 872 2566 τ.).

300 2578 316 2607 3
330 2578 402 2606 Adde
419 2585 476 2605 t‘tm
493 2578 531 2604 tel
547 2576 618 2603 aliud
633 2575 718 2602 simile
734 2579 770 2610 (tt.
788 2576 836 2610 τ.).

1034 2242 1088 2275 fati
1122 2241 1303 2286 presbyteri
1340 2242 1548 2276 conviventes
1582 2243 1678 2276 nobis
1710 2243 1771 2276 hu=

1035 2295 1153 2329 militer
1182 2295 1358 2338 supplicari
1391 2296 1537 2329 fecerunt
1575 2301 1610 2329 ut
1641 2296 1773 2330 eosdem

1037 2360 1102 2382 non
1120 2348 1343 2390 conviventes,
1372 2355 1535 2393 tamquam
1559 2349 1774 2393 impedimen-

1038 2408 1102 2435 tum
1139 2403 1194 2436 Dei
1231 2403 1363 2436 servitio
1399 2408 1623 2447 praestantes,
1648 2414 1666 2436 a
1691 2402 1776 2436 dicta

1037 2456 1294 2498 Congregatione
1331 2456 1490 2490 removeri
1524 2456 1775 2497 mandaremus,

1038 2509 1183 2552 ipsisque
1208 2510 1404 2554 presbyteris
1437 2509 1687 2543 constitutiones
1716 2518 1777 2553 pro

1035 2561 1125 2598 felici
1166 2574 1278 2598 corum
1317 2562 1583 2608 congregationis
1620 2562 1784 2606 gubernio,
