2111 3157
187 223 237 251 An.
258 221 287 249 c.
312 222 377 249 1677
423 211 466 246 «⁶1⁶2

217 758 374 779 Contrariorum

191 786 308 811 dui-offitio.

380 270 550 314 spectabit,
565 269 752 313 plenissime
771 266 947 309 suffragari,
966 271 998 298 et
1015 266 1053 298 ab
1071 265 1115 297 eis

380 323 562 367 respective
588 322 819 355 inviolabiliter
842 319 1030 359 observari,
1056 318 1119 351 sic-

381 388 444 420 que
467 377 498 409 in
524 375 713 419 praemissis
737 385 798 417 per
823 383 1047 417 quoscumque
1073 372 1119 403 iu-

383 430 470 463 dices
488 428 669 462 ordinarios
688 433 719 460 et
737 428 902 468 delegatos
930 426 1025 459 etiam
1047 435 1120 457 eau-

383 493 492 515 sarum
517 481 627 525 palatii
649 480 819 521 apostolici
845 479 1021 518 auditores,
1040 478 1121 510 iudi-

383 536 448 569 cari
473 541 503 567 et
529 533 656 567 definiri
694 533 824 571 debere,
860 543 897 565 ac
932 532 1057 564 irritum
1090 535 1121 562 et

383 589 478 620 inane
515 587 540 619 si
578 597 673 619 secus
709 596 806 629 super
831 585 880 617 his
906 595 922 616 a
947 595 1120 627 quoquam,

384 641 495 684 quavis
521 639 720 678 auctoritate,
735 638 875 671 scienter
899 638 948 670 vel
974 637 1123 679 ignoran-

385 700 445 733 ter,
460 692 635 735 contigerit
659 690 823 724 attentari.

429 746 444 789 ἓ
468 746 499 778 4.
527 745 595 778 Non
627 744 832 777 obstantibus
858 741 1064 786 praemissis,
1088 752 1124 774 ae

386 797 670 832 constitutionibus
702 802 733 829 et
762 795 1021 828 ordinationibus
1048 804 1125 837 apo-

386 851 527 892 stolicis,
558 861 684 883 necnon
718 849 847 882 Ordinis
880 854 912 881 et
943 846 1125 891 provincia-

387 916 457 937 rum
482 915 517 937 ac
543 909 760 937 conventuum
786 901 986 941 huiusmodi,
1016 900 1125 933 aliisve

388 957 573 1001 quibusvis,
608 957 703 989 etiam
730 956 932 994 iuramento,
958 953 1126 986 confirma-

388 1011 475 1043 tione
494 1009 676 1054 apostolica
694 1010 741 1041 vel
768 1008 879 1051 quavis
897 1007 1045 1039 firmitate
1065 1005 1125 1038 alia

387 1063 569 1102 roboratis,
596 1061 721 1094 statutis
755 1066 785 1093 et
813 1058 1125 1095 consuetudinibus,

388 1115 565 1158 pririlegiis
597 1124 750 1158 quoque,
778 1111 912 1145 indultis
946 1117 977 1143 et
1010 1110 1127 1142 litteris

388 1168 573 1211 apostolicis
598 1167 631 1199 in
657 1166 857 1199 contrarium
876 1163 1126 1207 praemissorum

389 1219 637 1263 quomodolibet
669 1218 848 1258 concessis,
872 1215 1073 1250 confirmatis
1097 1221 1128 1247 et

389 1274 573 1314 innovatis,
600 1273 717 1317 quibus
743 1272 894 1305 omnibus
919 1276 951 1303 et
974 1269 1125 1312 singulis,

391 1327 521 1360 illorum
539 1332 667 1359 tenores
692 1325 919 1369 praesentibus
945 1334 1005 1366 pro
1030 1323 1127 1365 plene

391 1385 424 1411 et
448 1379 645 1412 sufficienter
669 1378 832 1421 expressis
859 1388 894 1409 ac
926 1376 965 1409 ad
994 1376 1128 1407 verbum

391 1433 522 1465 insertis
548 1433 718 1469 babentes.
744 1431 807 1464 illis
836 1431 914 1462 alias
939 1429 970 1461 in
996 1438 1055 1461 suo
1080 1437 1130 1459 ro-

390 1485 469 1518 bore
496 1485 728 1528 permansuris,
745 1485 783 1517 ad
808 1483 1061 1527 praemissorum
1086 1480 1130 1513 et*-

393 1538 521 1579 sectum‚
540 1539 600 1570 liae
618 1538 684 1571 vice
703 1539 877 1576 dumtaxat,
897 1535 1081 1579 specialiter
1100 1539 1132 1565 et

393 1602 545 1634 expresse
565 1592 777 1634 derogamus,
799 1590 982 1632 ceterisque
1005 1592 1131 1620 contra-

394 1645 449 1677 riis
475 1645 748 1688 quibuscumque.

438 1698 550 1730 Datum
578 1697 709 1737 Itomae,
735 1696 818 1739 apud
837 1695 867 1728 S.
887 1695 1015 1727 Mariam
1034 1693 1133 1726 Maio-

395 1761 474 1790 rem,
496 1751 553 1783 sub
579 1752 700 1783 annulo
719 1749 906 1788 piscatoris,
927 1748 978 1781 die
994 1758 1058 1781 xv11
1078 1757 1133 1780 no-

396 1803 536 1836 vembris
570 1812 761 1843 MDCLxxvit,
790 1801 997 1845 pontificatus
1029 1801 1134 1832 nostri

397 1866 481 1889 anno
508 1867 542 1889 11.

432 1916 490 1944 Dat.
507 1918 551 1944 die
572 1918 599 1945 17
621 1917 778 1944 novembris
797 1915 873 1950 1677,
890 1915 985 1951 pontif.
1004 1922 1074 1941 anno
1090 1920 1116 1940 tt.

716 2077 821 2110 xxtll.

401 2170 613 2204 Reducuntur
648 2168 801 2211 nzaglz'slri
842 2166 941 2199 aliive
982 2162 1140 2208 yradnati

447 2223 582 2256 Ordinis
614 2222 878 2255 Praedicaeorum
903 2218 945 2251 ad
968 2227 1140 2250 nnmerum

446 2277 483 2308 in
495 2277 563 2308 suis
577 2276 728 2319 capitulis
740 2274 946 2317 qoneralibus
959 2272 1137 2314 definitum,

448 2334 476 2362 et
500 2329 668 2372 maqz'stris
699 2328 906 2371 (Jeneralibns
933 2326 1142 2359 interdicitur

447 2392 485 2415 ne
510 2383 545 2415 in
575 2387 735 2425 posterum
766 2380 1067 2425 snpernnmerarz'os
1084 2379 1142 2411 eli-

448 2441 537 2480 qant,
557 2437 595 2469 ab
616 2437 723 2479 cisque
747 2435 899 2478 speciales
918 2434 1045 2477 qratiae
1068 2442 1142 2465 con—

449 2495 499 2523 tra
523 2490 791 2522 constitutionum
809 2492 836 2520 et
853 2487 1071 2530 capitulorum
1089 2496 1142 2529 qe-

449 2543 611 2576 nei‘cclizcm
632 2541 859 2586 d1·‹posz‘ta'0nes
880 2551 1041 2574 concessae
1060 2549 1143 2573 revo-

450 2602 577 2631 cantur.

964 215 1142 241 BU1.L.tRIt'M
1166 215 1229 239 non
1239 215 1316 238 mvn

1345 263 1541 290 Innocentius
1562 262 1639 296 Papa
1659 263 1708 295 XI,

1300 308 1335 334 ad
1356 308 1488 334 futuram
1507 309 1552 334 rei
1571 307 1754 333 memoriam.

1204 370 1237 402 In
1264 379 1418 412 supremo
1443 368 1610 401 militantis
1627 367 1788 400 Ecclesiae
1812 367 1895 401 solio
1932 378 2055 400 Exordium.

1162 434 1221 466 per
1245 422 1442 455 ineffabilem
1467 421 1594 454 divinae
1620 420 1773 453 bonitatis
1795 422 1897 454 abun-

1164 476 1318 513 dantiam,
1339 475 1462 508 meritis
1487 476 1562 507 licet
1587 473 1774 517 imparibus,
1800 475 1900 507 collo-

1165 529 1233 569 cati,
1254 528 1400 561 muneris
1425 528 1526 561 nostri
1553 534 1659 570 partes
1685 538 1754 560 esse
1780 526 1902 559 intelli-

1166 582 1281 624 gimus,
1298 586 1331 612 ut
1350 591 1395 620 ea,
1412 591 1495 623 quae
1514 580 1742 621 religiosorum
1756 578 1900 611 virorum

1165 635 1338 668 Ordinibus
1362 634 1394 665 in
1419 633 1558 665 Ecclesia
1576 632 1631 665 Dei
1652 632 1704 675 pie
1724 637 1899 674 sancteque

1166 687 1321 719 institutis
1347 685 1575 718 detrimentum
1600 685 1745 724 adferre,
1773 685 1902 726 regula-

1166 751 1300 783 remque
1337 740 1369 772 in
1396 739 1442 772 eis
1479 737 1682 781 disciplinam
1708 738 1900 781 perturbare

1168 798 1354 833 noscuntur,
1371 792 1411 825 ad
1437 791 1608 836 aequitatis
1635 796 1666 824 et
1683 790 1823 823 iustitiae
1843 796 1902 823 ter-

1168 846 1273 878 minos
1296 845 1449 878 reducere
1468 850 1662 887 satagamus,
1688 843 1781 883 sicut,
1802 843 1903 876 omni-

1168 899 1227 930 bus
1244 904 1389 930 maturae
1412 896 1685 930 considerationis
1700 895 1818 928 trutina
1834 905 1904 939 per-

1169 951 1287 995 pensis,
1314 952 1352 984 ad
1379 950 1611 993 omnipotentis
1630 950 1686 982 Dei
1716 949 1852 992 gloriam
1873 953 1905 981 et

1168 1004 1336 1046 religionis
1362 1003 1488 1036 felicem
1513 1012 1724 1046 progressum
1742 1012 1778 1034 ac
1804 1001 1906 1034 incre-

1169 1062 1311 1089 mentum
1338 1056 1512 1089 salubriter
1537 1056 1690 1098 expedire
1716 1055 1747 1087 in
1769 1053 1905 1087 Domino

1170 1109 1375 1142 arbitramur.

1214 1163 1228 1205 ἓ
1254 1162 1284 1194 1.
1305 1162 1381 1194 Cum
1401 1162 1509 1205 itaque
1525 1161 1621 1204 (sicut
1635 1160 1831 1204 accepimus)
1846 1169 2012 1217 ma'etssffim
2039 1167 2100 1189 redu-

1171 1215 1259 1257 gistri
1286 1215 1405 1258 aliique
1443 1214 1591 1257 graduati
1615 1213 1744 1247 Ordinis
1771 1213 1906 1246 fratrum

1171 1267 1442 1307 Praedicatorum,
1467 1272 1601 1310 propter
1625 1266 1790 1298 assiduum
1814 1265 1908 1298 mini-

1171 1321 1303 1353 sterium
1330 1322 1417 1363 quod
1438 1321 1483 1353 eis
1509 1320 1687 1359 exhibetur,
1706 1329 1835 1352 necnon
1855 1329 1909 1351 ex-

1173 1385 1290 1417 pensas
1320 1384 1398 1416 quas
1424 1373 1711 1406 communitatibus
1736 1371 1908 1405 occasione

1174 1427 1390 1470 capitulorum
1415 1426 1665 1470 provincialium
1692 1424 1848 1464 afferunt,
1875 1434 1912 1456 ao

1175 1479 1417 1522 exemptionem
1442 1490 1458 1512 a
1479 1480 1589 1517 choro,
1612 1479 1754 1521 aliasque
1779 1487 1912 1521 praero-

1175 1533 1294 1575 gativas
1312 1533 1429 1575 quibus
1445 1532 1604 1571 fruuntur,
1617 1530 1793 1575 provinciis
1810 1530 1912 1574 ipsius

1175 1585 1303 1618 Ordinis
1321 1585 1412 1618 valde
1439 1585 1570 1617 onerosi
1596 1585 1747 1624 existant,
1767 1589 1798 1616 et
1823 1583 1914 1626 (licet

1164 1643 1283 1677 ‚certus
1308 1638 1466 1670 eiusmodi
1485 1637 1711 1680 magistrorum
1730 1641 1761 1669 et
1778 1635 1914 1679 gradua-

1176 1696 1280 1723 torum
1296 1700 1353 1733 pro
1372 1692 1565 1733 unaquaque
1577 1689 1746 1732 provincia
1759 1697 1913 1721 numerus

1177 1753 1236 1786 per
1255 1743 1395 1786 capitula
1419 1743 1585 1785 generalia
1610 1742 1688 1774 dicti
1709 1741 1848 1782 Ordinis,
1875 1741 1914 1774 ad

1177 1796 1367 1839 petitionem
1399 1795 1543 1838 ipsarum
1567 1794 1808 1837 provinciarum
1831 1803 1913 1836 quae

1178 1849 1384 1892 propriarum
1418 1848 1532 1879 virium
1569 1847 1720 1880 consciae
1751 1847 1795 1879 ita
1832 1846 1917 1879 ordi-

1179 1902 1247 1934 nari
1262 1902 1532 1940 desideraverant,
1548 1900 1708 1933 stabilitus
1724 1900 1915 1943 reperiatur,

1180 1966 1252 1988 cum
1279 1956 1431 1998 expressa
1462 1954 1687 1997 prohibitione
1713 1963 1753 1986 ne
1783 1953 1916 1986 eaedem

1179 2008 1364 2051 provinciae
1383 2007 1461 2040 alios
1479 2012 1589 2050 petere
1607 2007 1743 2047 valeant,
1761 2016 1841 2039 neve
1859 2006 1918 2038 hu-

1182 2061 1316 2092 iusmodi
1334 2069 1488 2092 numerus
1509 2070 1650 2102 unquam
1665 2059 1840 2092 excedatur
1855 2058 1917 2091 nisi

1182 2114 1214 2146 in
1239 2124 1314 2146 casu
1341 2124 1404 2156 quo
1430 2113 1583 2154 magister
1607 2113 1769 2154 generalis
1789 2112 1918 2145 Ordinis

1182 2166 1340 2211 praedicti
1361 2177 1419 2209 pro
1434 2171 1581 2208 tempore
1597 2165 1735 2198 existens
1753 2176 1790 2198 ex
1811 2165 1919 2208 aliqua

1183 2226 1319 2262 urgente
1345 2220 1441 2252 causti
1459 2219 1554 2251 aliter
1571 2218 1780 2262 disponeret)
1799 2218 1919 2250 nihilo-

1184 2274 1291 2306 minus
1309 2273 1539 2315 magistrorum
1565 2272 1766 2314 aliorumque
1785 2271 1920 2314 gradua-

1184 2333 1291 2360 torum
1313 2325 1499 2358 huiusmodi
1520 2325 1693 2357 multitudo
1711 2324 1743 2356 in
1761 2323 1845 2357 dicto
1863 2323 1920 2356 Or-

1185 2380 1259 2413 dine
1285 2379 1407 2422 absque
1432 2379 1498 2411 ulla
1522 2377 1652 2420 urgenti
1671 2378 1767 2410 eausa
1791 2387 1849 2420 per
1873 2377 1921 2409 ni·

1184 2434 1280 2466 miani
1305 2433 1558 2475 praeteritorum
1576 2431 1804 2473 magistrorum
1823 2441 1920 2473 gene-

1186 2486 1299 2519 ralium
1324 2485 1423 2528 ipsius
1454 2484 1583 2517 Ordinis
1610 2484 1795 2517 facilitatem
1821 2488 1919 2526 atque

1185 2537 1420 2581 in‹·lulgentiain
1439 2537 1518 2569 adeo
1540 2535 1726 2576 excreverit,
1740 2540 1776 2567 ut
1791 2535 1921 2578 provin-

1186 2591 1244 2626 ciis
1270 2590 1446 2636 praedictis
1471 2588 1687 2622 intolerabilis
1714 2588 1847 2630 existat,
1874 2593 1919 2632 et,

1903 212 1954 240 An.
1975 212 2003 240 C.
2018 210 2085 241 1677
