2111 3157
121 173 215 199 ηε.
239 172 307 200 ¹084
352 164 416 199 580

311 233 351 255 ne
378 223 521 256 emeritis
547 222 764 256 sacerdotibus
788 222 938 256 molestia
958 228 989 256 et
1005 222 1050 255 in-

312 277 515 310 commodum
547 281 718 315 causetur,
745 285 858 308 eorum
888 275 1048 308 fenestrae

312 331 427 364 ferreis
453 329 586 363 clathris
603 329 686 361 bene
707 329 908 369 muniantur,
934 329 1047 362 ianuae

311 386 493 418 clausuram
516 383 554 416 ad
581 382 823 426 prohibendum
844 382 965 416 exitum
990 383 1048 416 ha-

309 438 421 477 beant,
448 437 487 469 ad
513 446 608 479 quein
644 436 732 468 solus
764 436 917 479 superior
941 436 1046 469 claves

308 491 368 523 sibi
394 489 558 528 retinebit,
584 487 727 521 medium
755 488 870 522 ianuae
897 489 936 522 ad
962 489 1049 522 dese-

307 543 425 576 rendos
450 542 541 575 eibos
568 541 695 585 aliaque
721 542 906 575 necessaria
930 542 975 575 sic
999 553 1048 576 ac-

307 596 534 640 commodetur
559 600 594 627 ut
617 595 723 638 possit
746 594 885 632 occludi.

350 659 399 681 xt.
427 649 475 682 Ad
496 649 701 681 honestatem
719 648 903 681 clericalem
924 649 1045 682 salvam

305 702 577 742 conservandam,
605 708 636 735 ct
660 712 768 734 veram
794 702 986 735 charitatem
1011 713 1046 735 o-

304 755 528 796 stendendam,
544 755 641 788 etiam
659 755 772 788 discoli
792 756 824 787 in
843 755 939 788 domo
958 766 1046 788 eme-

305 808 443 841 ritorum
478 808 635 841 mediocri
675 807 760 840 victu
797 813 1042 850 sustententurU.

303 862 387 894 lecto
413 868 543 905 quoque
569 867 601 894 et
625 861 688 894 alio
712 861 899 894 necessario
916 861 1044 901 vestitu,

304 919 474 957 quantum·
491 914 672 957 poenitenti
711 914 751 947 ad
789 914 1044 947 conservandam

303 967 449 1010 corporis
473 967 664 1000 munditiem
689 967 823 1000 concedi
844 971 960 1010 potest,
978 977 1044 999 non

303 1019 482 1062 priventur.

347 1083 410 1106 XLI.
438 1072 573 1106 Cursum
593 1072 857 1116 quotidianorum
874 1072 1045 1106 exercitio-

305 1136 375 1158 rum
403 1126 622 1169 spiritualium
654 1125 804 1159 omnihus
830 1125 926 1158 huius
951 1125 1045 1158 insti-

302 1180 360 1212 tuti
386 1179 514 1212 clericis
537 1186 743 1212 communem
768 1179 913 1222 quotidie
931 1189 990 1223 pro
1009 1189 1043 1212 se

302 1234 512 1276 persolvant:
540 1233 702 1276 reliquum
731 1237 857 1276 tempus
881 1232 912 1265 in
939 1233 1045 1266 consi-

303 1285 472 1318 deratione
498 1290 530 1318 et
554 1286 638 1318 seria
663 1285 879 1319 detestatione
899 1291 1046 1329 peccato-

302 1348 373 1371 rum
387 1348 528 1379 suorum,
544 1338 703 1371 libroruin
722 1339 872 1379 lectione,
887 1331 919 1371 ἐι
931 1339 1045 1372 volun-

303 1392 384 1425 taria
399 1392 558 1426 eiusmodi
576 1393 808 1425 exercitiorum
825 1392 1044 1435 susceptione,

304 1456 385 1488 quae
413 1452 478 1479 tum
504 1446 544 1478 ad
570 1446 727 1488 expianda
755 1450 887 1489 peccata
911 1450 979 1478 tum
1005 1445 1043 1478 ad

304 1499 495 1542 extirpanda
520 1499 596 1531 vitia
627 1499 800 1542 praecipue
840 1500 1041 1539 conducant,

305 1552 357 1595 pie
384 1552 571 1595 utiliterque
599 1552 790 1594 transigant.
818 1553 973 1596 Cappella
990 1553 1045 1585 do-

304 1605 436 1638 mestica
450 1606 495 1638 sic
509 1605 731 1648 approximate
747 1616 858 1638 eorum
877 1605 1045 1639 habitatio-

305 1658 337 1690 ni
357 1664 476 1701 pateat,
495 1664 526 1690 ut
546 1669 659 1691 omnes
677 1659 821 1701 quotidie
839 1669 899 1701 per
919 1660 1045 1691 cancel-

304 1712 352 1744 los
371 1712 609 1754 prospicientes
628 1712 742 1744 audire
760 1723 885 1744 sacrum
901 1712 1041 1744 valeant.

346 1774 422 1797 xtn.
451 1764 544 1796 Pater
568 1774 680 1797 eorum
706 1765 882 1807 spiritualis
899 1765 1045 1808 frequen-

305 1821 354 1849 ter
379 1828 435 1850 eos
462 1817 670 1850 sermonibus
703 1818 894 1850 exhortetur
925 1818 963 1850 ad
989 1829 1044 1861 pa-

305 1869 450 1903 tientiam
478 1870 510 1902 in
537 1870 706 1903 subeunda
730 1872 847 1902 statuta
872 1870 1045 1913 poeniten-

305 1923 361 1964 tia,
388 1925 577 1957 consoletur
602 1924 838 1967 pusillanimes,
865 1924 978 1967 puniat
995 1925 1044 1956 de-

305 1976 510 2019 linquentes,
538 1982 722 2019 compescat
754 1977 953 2017 insolentes3
980 1977 1045 2009 sin-

307 2030 389 2072 gulis
416 2035 488 2062 octo
515 2030 628 2062 diebus
661 2030 876 2063 contiteantur
907 2034 939 2063 et
962 2041 1046 2063 com—

307 2082 486 2123 municent;
513 2082 597 2125 quod
623 2083 808 2126 praecipuis
832 2083 907 2115 anni
933 2082 1045 2116 diebus

308 2135 396 2168 sestis
420 2135 569 2168 similiter
602 2136 678 2179 ipsis
705 2136 930 2179 permittatur,
955 2137 1046 2169 dum-

309 2189 406 2221 modo
432 2188 520 2231 digni
542 2189 580 2221 ad
601 2189 665 2222 hoc
682 2189 900 2222 inveniantur.

352 2252 440 2275 xtni.
468 2242 566 2275 Nemo
598 2243 637 2275 ad
673 2243 818 2286 ipsorum
844 2242 1043 2286 colloquium

311 2294 475 2327 ordinarie
500 2295 707 2337 admittetur,
735 2296 795 2328 nisi
832 2301 926 2339 pater
951 2295 1046 2339 spiri-

311 2347 404 2380 tualis
441 2353 473 2380 et
503 2350 674 2391 superior,
703 2359 848 2392 (piosque
874 2348 1045 2382 admittere

312 2400 415 2432 eidem
434 2401 596 2443 superiori
615 2402 646 2433 in
661 2402 797 2435 Domino
815 2402 916 2434 visum
934 2401 1042 2434 suerit.

311 2452 344 2485 ln
370 2454 491 2486 morbis
513 2466 625 2487 corum
643 2466 719 2488 cura
737 2456 904 2496 habeatur,
922 2456 1046 2489 eadem-

312 2517 373 2549 que
398 2507 538 2539 charitas
563 2508 745 2548 exibeatur,
771 2509 861 2553 fquae
897 2509 1046 2553 superius

904 174 1084 200 BULLARIUM
1108 174 1258 202 ROMANUM

1837 181 1885 210 An.
1902 182 1931 210 C.
1954 184 2021 214 2684

1091 224 1238 257 similiter
1258 230 1437 258 tractentur
1456 229 1588 269 mortui,
1607 228 1631 261 si
1651 229 1705 274 pie
1722 229 1755 263 in
1772 229 1832 263 Do-

1091 277 1180 310 mino
1205 278 1358 312 obierint.

1134 341 1213 364 xmv.
1235 330 1326 369 Quod
1351 331 1378 365 si
1403 333 1474 376 quis
1499 333 1612 368 solidis
1630 335 1830 379 argumentis

1091 395 1197 417 veram
1223 385 1483 421 emendationem
1509 389 1750 431 praesetulerit‚
1766 390 1830 423 sul'-

1090 437 1303 481 ficienterque
1328 439 1563 482 poenitentiam
1584 451 1681 484 super
1697 448 1830 485 peccata

1090 495 1278 534 perpetrata
1303 491 1418 534 egerit,
1445 493 1596 536 superior
1615 504 1676 537 pro
1693 497 1748 528 sua
1766 495 1830 533 dis-

1089 545 1244 583 cretione,
1269 556 1341 578 cum
1367 546 1532 588 praeseitu
1550 552 1582 579 et
1598 558 1759 581 consensu
1779 559 1830 585 re,-

1089 598 1314 631 verendissimi
1332 598 1505 640 Ordinarii‚
1525 610 1599 633 eum
1616 600 1776 643 liberabit,
1796 607 1830 636 ct

1089 660 1160 682 cum
1187 650 1370 684 senioribus
1395 652 1490 685 vitam
1509 652 1626 696 degere
1651 653 1827 697 permittet,

1088 703 1114 736 si
1139 703 1202 736 alio
1227 704 1350 737 utiliter
1374 710 1406 738 et
1422 716 1536 739 secure
1553 711 1586 739 et
1601 706 1725 750 absque
1742 717 1830 747 scan-

1089 757 1162 790 dalo
1189 757 1342 790 destinari
1368 769 1434 791 non
1459 759 1574 802 possit.

1132 811 1146 853 ξ
1166 810 1197 843 3.
1224 810 1324 844 Nobis
1342 818 1514 862 propterea
1531 813 1608 846 dicti
1627 819 1827 858 exponentes
1863 823 1940 854 Preces
1955 823 2022 845 dicio.

1088 864 1256 896 humiliter
1274 865 1451 907 supplicari
1470 866 1617 899 fecerunt
1635 872 1671 899 ut
1687 867 1721 900 in
1737 850 2021 911 prae-‘mmmmm'

1088 912 1193 945 missis
1218 919 1403 956 opportune
1428 914 1601 957 providere
1626 920 1658 948 et
1681 921 1718 948 ut
1743 916 1828 950 infra

1087 965 1258 1008 indulgere
1285 966 1324 999 de
1351 966 1550 1009 benignitate
1575 968 1753 1011 apostolica
1780 968 1828 1002 di-

1088 1029 1274 1062 gnaremur.

1131 1073 1145 1116 §
1169 1072 1201 1105 4.
1227 1073 1292 1106 Nos
1313 1073 1430 1116 igitur,
1455 1074 1589 1107 eosdem
1610 1080 1826 1118 exponentes,
1885 1086 2020 1110 confirmae

1087 1136 1227 1169 quorum
1252 1131 1403 1159 strenuos
1424 1127 1456 1159 in
1473 1127 1569 1161 vinea
1587 1127 1715 1161 Domini
1736 1113 2020 1162 tabo-iffffissli'lfflf⁰¹¹'

1088 1190 1139 1212 res
1165 1180 1204 1212 ad
1230 1180 1410 1213 animarum
1436 1181 1574 1213 salutem
1604 1181 1742 1214 multum
1766 1181 1828 1214 uti-

1087 1233 1186 1266 litatis
1212 1234 1368 1266 allaturos
1394 1243 1466 1267 esse
1491 1233 1523 1266 in
1548 1233 1686 1267 Domino
1717 1244 1829 1277 spera-

1088 1297 1158 1320 mus
1178 1314 1185 1327 ,
1213 1286 1364 1330 ampliori
1390 1286 1500 1319 lavore
1524 1286 1646 1329 gratiae
1671 1287 1827 1330 prosequi

1086 1340 1245 1380 volentes,
1274 1345 1305 1373 et
1330 1350 1441 1372 eorum
1462 1340 1646 1382 singulares
1670 1350 1828 1384 personas

1088 1403 1106 1425 a
1131 1393 1294 1436 quibusvis
1310 1392 1668 1433 excommunicationis,
1695 1403 1831 1437 suspen-

1088 1446 1189 1480 sionis
1207 1451 1237 1480 et
1254 1446 1429 1485 interdicti,
1448 1446 1584 1490 aliisque
1602 1445 1828 1479 ecclesiasticis

1088 1500 1272 1539 sententiis,
1289 1499 1436 1532 censuris
1454 1504 1487 1531 et
1509 1499 1636 1542 poenis,
1658 1509 1675 1532 a
1691 1499 1761 1532 iure
1778 1491 1829 1533 vel

1088 1553 1127 1585 ab
1156 1553 1294 1591 bomine,
1321 1552 1432 1595 quavis
1457 1551 1631 1585 occasione
1655 1553 1705 1585 vel
1730 1553 1830 1584 causa

1088 1606 1170 1645 latis,
1190 1606 1216 1638 si
1242 1606 1357 1649 quibus
1383 1605 1628 1648 quomodolibet
1652 1605 1829 1638 innodatae

1088 1659 1245 1699 existunt,
1271 1659 1310 1691 ad
1336 1657 1483 1691 effectum
1501 1657 1725 1701 praesentium
1743 1658 1829 1691 dum-

1089 1716 1174 1744 taxat
1190 1711 1467 1754 consequendum,
1486 1710 1603 1743 harum
1620 1710 1705 1743 serie
1724 1709 1830 1743 absol·

1087 1770 1198 1797 ventes
1225 1770 1256 1797 et
1280 1764 1445 1796 absolutas
1470 1763 1540 1797 sore
1562 1769 1744 1803 censentes,
1770 1763 1831 1796 liu-

1088 1818 1225 1851 iusmodi
1265 1816 1562 1861 supplicationibus
1598 1816 1760 1857 inclinati,
1787 1816 1828 1850 de

1087 1870 1357 1914 Congregationis
1383 1871 1617 1904 nonnullorum
1637 1880 1675 1903 ex
1694 1880 1829 1903 venera-

1088 1924 1207 1957 bilibus
1232 1923 1384 1956 sratribus
1416 1922 1535 1956 nostris
1560 1922 1592 1955 S.
1608 1922 1646 1955 R.
1662 1922 1697 1955 E.
1725 1922 1830 1955 cardi-

1088 1977 1215 2010 nalibus
1240 1982 1272 2010 et
1296 1976 1479 2019 aliquorum
1516 1986 1554 2009 ex
1591 1975 1719 2009 dilectis
1751 1974 1828 2009 filiis

1089 2031 1252 2063 Romanae
1277 2029 1392 2063 Curiae
1417 2029 1572 2073 praelatis
1593 2029 1632 2062 ad
1651 2028 1814 2073 suprascri

1089 2089 1158 2127 ptas
1179 2082 1430 2116 constitutiones
1450 2082 1680 2116 examinandas
1695 2092 1713 2115 a
1732 2081 1828 2115 nohis

1089 2136 1274 2180 specialiter
1297 2136 1482 2179 deputatae,
1507 2145 1589 2179 quae
1614 2145 1682 2168 rem
1701 2127 1829 2182 mature

1089 2190 1260 2231 discussit,
1288 2190 1449 2231 consilio,
1476 2200 1589 2223 omnes
1624 2195 1656 2223 et
1684 2189 1829 2233 singulas

1089 2244 1338 2277 constitutiones
1363 2243 1584 2287 praeinsertas
1600 2270 1608 2284 ,
1634 2242 1828 2276 auctoritate

1089 2296 1287 2340 apostoliea,
1315 2303 1427 2330 tenore
1453 2297 1686 2341 praesentium,
1710 2295 1831 2330 confir·

1089 2361 1210 2383 mamus
1235 2350 1356 2394 pariter
1381 2355 1413 2383 et
1437 2350 1674 2394 approbamus,
1699 2349 1830 2393 illisque

1089 2403 1285 2436 inviolabilis
1319 2403 1516 2446 apostolicae
1541 2402 1702 2435 firmitatis
1728 2401 1830 2448 robur

1088 2456 1265 2496 adjicimus,
1292 2466 1327 2489 ae
1351 2466 1463 2489 omnes
1489 2461 1521 2489 et
1537 2455 1681 2498 singulos
1698 2454 1779 2487 iuris
1796 2459 1839 2508 εἰ(

1089 2510 1160 2542 sacti
1187 2510 1343 2550 desectus,
1364 2509 1389 2542 si
1414 2509 1469 2554 qui
1492 2509 1633 2553 desuper
1652 2507 1849 2557 quomodo-,²>

310 2569 370 2604 pro
396 2559 466 2593 aliis
492 2560 617 2594 clericis
636 2562 772 2595 infirmis
799 2563 859 2595 suit
880 2563 1044 2604 instituta3
1088 2563 1168 2596 libet
1193 2563 1437 2605 intervenerint,
1463 2563 1667 2606 supplemus,
