2111 3157
0 211 17 230 ι.
33 201 61 230 C.
84 201 150 229 ¹678

0 525 100 548 :lausutae

32 1205 145 1234 Derogatio

0 1234 76 1252 urai-101
83 1238 123 1252 uni.

730 205 941 231 INNOCENTH'S
962 206 993 230 XI
1017 206 1065 230 PP.

155 251 252 291 tium,
279 250 504 286 confirmamus
529 257 560 286 et
582 252 819 296 approbamus,
847 254 883 286 il-

156 303 258 346 lisque
283 304 475 338 inviolabilis
500 306 694 349 apostolicae
725 305 882 338 firmitatis

154 356 257 388 robur
281 356 455 397 adiicimus,
482 368 517 390 ac
541 368 653 390 omnes
677 363 710 390 et
734 357 882 399 singulos

154 407 231 440 iuris
257 414 289 441 et
314 410 386 442 sacti
417 410 568 450 desectus,
601 410 626 442 si
655 410 708 453 qui
743 410 884 452 desuper

154 461 398 502 quomodolibet
413 462 657 501 intervenerint,
682 463 880 505 supplemus.

198 514 213 556 ἓ
237 514 268 546 4.
294 514 510 548 Decernentes
540 516 667 549 easdem
697 520 883 559 praesentes

155 565 286 604 litteras,
308 577 435 610 semper
451 567 569 608 firmas,
584 569 706 601 validas
732 574 763 601 et
780 568 884 600 effica-

155 629 209 651 ces
227 619 360 652 existere
386 624 418 652 et
443 620 520 659 sore,
547 631 688 664 suosque
716 621 882 664 plenarios

155 677 187 703 et
209 671 354 714 integros
379 672 507 706 effectus
531 674 637 706 sortiri
669 680 700 707 et
724 674 883 713 obtinere,

155 737 191 758 ae
215 727 254 759 ab
272 727 349 766 illis,
379 728 418 760 ad
444 738 525 771 quos
542 734 665 770 spectat
681 734 712 760 et
731 738 789 770 pro
806 733 884 760 tem-

155 790 234 823 pore
260 781 526 824 quandocumque
551 782 724 824 spectabit,
751 782 883 814 inviola-

155 832 263 865 biliter
293 834 473 874 observari,
502 835 609 877 sicque
640 835 672 866 in
698 834 883 877 praemissis

155 897 216 930 per
247 897 464 930 quoscumque
492 887 616 920 iudices
642 887 823 920 ordinarios
853 895 883 921 et

156 940 331 981 delegatos,
359 940 453 972 etiam
480 951 644 972 causarum
663 940 771 983 palatii
790 951 883 983 apos-

156 992 241 1026 tolici
260 993 429 1034 auditores,
454 992 587 1025 iudicari
612 993 651 1026 ed
677 993 803 1025 definiri
830 994 884 1025 de-

154 1045 245 1084 bere,
265 1055 302 1077 ac
319 1045 445 1077 irritum
464 1051 495 1077 et
511 1045 605 1077 inane
624 1045 648 1077 si
674 1056 764 1078 secus
788 1057 885 1088 super

156 1097 206 1130 his
221 1109 238 1130 a
256 1109 432 1141 quoquam,
448 1098 557 1140 quavis
571 1098 772 1137 auctoritate,
786 1099 885 1130 scien-

157 1156 204 1184 ter
227 1152 275 1184 vel
300 1151 499 1193 ignoranter,
523 1151 697 1194 contigerit
721 1153 880 1184 attentari.

200 1203 214 1246 ἓ
240 1203 271 1235 5.
297 1203 364 1235 Non
390 1204 592 1236 obstantibus
621 1204 823 1247 praemissis,
849 1216 885 1237 ac

157 1256 438 1289 constitutionibus
463 1262 494 1289 et
518 1257 786 1297 ordinationibus
810 1269 886 1291 nec—

156 1319 219 1341 non
245 1309 458 1351 praefatorum
484 1308 610 1342 OrdInis
635 1316 666 1342 et
685 1311 883 1353 provinciae,

156 1361 250 1394 etiam
276 1361 464 1400 iuramento,
490 1362 733 1395 confirmatione
756 1369 885 1405 aposto-

155 1413 225 1453 lica,
250 1414 300 1446 vel
325 1414 434 1456 quavis
457 1414 606 1446 firmitate
630 1414 691 1447 alia
710 1415 883 1455 roboratis,

157 1466 285 1499 statutis
318 1471 349 1498 et
373 1467 676 1507 consuetudinibus,
707 1467 883 1510 privilegiis

157 1529 301 1562 quoque,
330 1519 462 1552 indultis
494 1524 526 1551 et
555 1519 669 1552 litteris
701 1520 885 1562 apostolicis

157 1571 190 1603 in
214 1571 408 1603 contrarium
431 1571 683 1614 praemissorum
710 1573 886 1615 quomodo-

158 1622 238 1655 libet
262 1622 434 1663 concessis,
451 1622 650 1656 confirmatis
667 1629 698 1656 et
712 1623 884 1664 innovatis,

159 1675 275 1718 quibus
302 1675 451 1707 omnibus
474 1681 505 1708 et
524 1675 670 1717 singulis,
695 1676 822 1708 illorum
843 1681 887 1708 te-

159 1737 254 1760 nores
278 1728 503 1770 praesentibus
538 1738 597 1770 pro
626 1728 723 1770 plene
749 1733 779 1760 et
804 1728 887 1760 suffi-

158 1779 305 1812 ficienter
329 1779 486 1822 expressis
512 1780 689 1819 habentes,
715 1780 778 1813 illis
810 1780 886 1812 alias

157 1831 191 1864 in
209 1842 267 1864 suo
284 1832 400 1864 robore
424 1832 652 1875 permansuris,
670 1833 707 1865 ad
733 1833 887 1875 praemis-

158 1894 268 1916 sorum
300 1883 465 1924 effectum,
499 1885 560 1917 hac
594 1885 662 1917 vice
698 1885 884 1925 dumtaxat,

159 1936 343 1979 specialiter
359 1942 391 1969 et
408 1947 561 1980 expresse
577 1937 784 1979 derogamus;
802 1942 888 1969 cete-

158 1989 270 2032 risque
295 1989 472 2022 contrariis
498 1990 769 2033 quibuscumque.

201 2041 313 2074 Datum
338 2041 470 2081 Rornae,
501 2042 584 2085 apud
610 2043 641 2075 S.
661 2043 803 2081 Petrum,
829 2042 887 2074 sub

159 2095 277 2127 annulo
316 2094 486 2127 Piscatoris
506 2122 513 2135 ‚
548 2095 599 2127 die
638 2105 710 2128 xxvi
752 2095 885 2127 ianuarii

156 2155 356 2186 iinctxxvul,
374 2146 579 2189 pontificatus
599 2147 700 2180 nostri
725 2157 810 2179 anno
828 2158 862 2180 11.

192 2207 250 2235 Dat.
271 2207 315 2235 die
333 2207 367 2234 26
386 2207 498 2234 ianuarii
522 2208 597 2242 1678,
619 2208 715 2243 pontif.
736 2215 808 2235 anno
822 2214 850 2235 u.

466 2375 573 2408 xxxl.

160 2463 383 2500 Conceduntnr
406 2463 632 2505 indulsyentiue
648 2461 788 2505 sz'nqulis
805 2461 886 2494 ulri-

201 2527 300 2559 usque
322 2526 415 2548 semus
442 2520 505 2547 tam
533 2514 665 2547 Ordinis
690 2525 788 2557 quam
817 2525 886 2546 con-

198 2569 415 2612 fraternitatis
434 2568 562 2600 ltabilus
579 2567 609 2600 S<
621 2577 747 2600 reorum
764 2567 883 2600 Beatae

1574 194 1615 227 77
1661 203 1711 229 An.
1732 202 1760 230 c.
1779 202 1846 230 1078

969 254 1093 287 Mariae
1121 253 1265 298 Virqinis
1289 252 1431 287 orationi
1451 251 1587 286 ntcntali
1607 262 1656 283 va-

969 306 1123 340 cantibus.

1111 395 1306 422 Innocentius
1326 396 1404 428 Papa
1423 394 1471 428 x1,

1064 438 1100 465 ad
1119 439 1252 466 futuram
1271 439 1315 466 rei
1335 439 1515 466 memoriam.

969 517 1016 550 Ad
1042 528 1088 557 ea,
1112 528 1172 561 per
1197 528 1278 561 quae
1309 519 1487 551 animarum
1505 517 1654 550 christifi—
1692 526 1813 548 Exordium.

926 570 1043 602 delium
1070 571 1155 603 salus
1179 578 1379 614 procuratur,
1398 572 1538 604 libenter
1557 571 1656 603 inten-

926 622 1037 662 dimus,
1055 627 1086 655 et
1110 623 1295 655 eorumdem
1320 623 1575 656 christifidelium
1602 623 1656 656 de-

927 675 1107 715 votionem,
1133 680 1167 707 ut
1190 675 1223 707 in
1248 676 1468 718 spiritualibus
1495 675 1655 708 exercitiis

927 728 1101 760 ferventius
1123 728 1318 767 incumbant,
1340 728 1525 761 caelestium
1545 738 1654 760 niune-

926 790 995 811 rum
1014 780 1204 822 elargitione
1229 781 1370 814 libenter
1395 782 1535 815 fovemus
1553 786 1585 814 et
1608 781 1657 813 in-

926 832 1069 865 citamus.

969 886 983 927 g
1008 885 1038 918 ¹l.
1066 886 1175 929 Itaque
1201 887 1239 919 de
1269 887 1501 930 omnipotentis
1522 887 1577 919 Dei
1603 888 1655 920 mi·
1680 892 1839 913 chodi‘uffa

1668 920 1763 939 ranutius
1801 926 1849 937 oia-

926 938 1101 970 sericordia
1137 950 1173 971 ac
1198 940 1367 971 beatorum
1398 939 1481 972 Petri
1511 945 1541 972 et
1566 940 1717 972 Pauli1ion·

1783 946 1845 964 entatu

926 992 1148 1032 apostolorum
1190 992 1257 1024 eius
1293 993 1483 1025 auctoritate
1521 977 1848 1044 conflSi›i{{‡i¹i{'.⁰„ifiiiii

926 1043 1074 1076 omnibus
1099 1048 1131 1076 et
1155 1043 1287 1085 singulis
1305 1044 1457 1076 fratribus
1483 1050 1515 1077 et
1537 1045 1658 1078 monia·
1668 1037 1748 1097 ffissffin
1763 1032 1849 1069 {vntum

927 1096 1009 1128 libus
1027 1106 1062 1127 ac
1082 1095 1232 1128 tertiariis
1250 1096 1376 1129 Ordinis
1390 1096 1561 1129 Servorum
1581 1098 1658 1130 Bea-

928 1155 976 1181 tae
1002 1149 1118 1182 Mariae
1143 1149 1292 1191 Virginis,
1310 1160 1437 1182 necnon
1453 1150 1523 1183 aliis
1541 1151 1657 1183 utrius-

928 1212 988 1244 que
1017 1212 1109 1233 sexus
1143 1201 1408 1234 christifidelibus
1441 1203 1656 1236 confratribus

928 1259 957 1285 ct
982 1254 1211 1286 consororibus
1237 1254 1509 1287 confraternitatis
1528 1256 1656 1288 habitus

927 1317 1073 1339 sororum
1091 1307 1236 1339 eiusdem
1256 1307 1369 1339 Beatae
1385 1307 1499 1340 Mariae
1517 1308 1656 1350 Virginis

927 1360 1101 1392 Dolorosae
1127 1359 1183 1391 Dei
1210 1359 1318 1391 Matris
1346 1365 1564 1402 nuncupatae,
1594 1365 1656 1392 tam

928 1413 1083 1444 hactenus
1121 1411 1151 1443 in
1176 1411 1319 1444 ecclesiis
1351 1411 1492 1444 eiusdem
1518 1411 1655 1452 Ordinis,

927 1476 980 1497 seu
1013 1464 1089 1497 alibi
1115 1464 1269 1496 canonice
1295 1463 1475 1505 institutae,
1501 1475 1596 1507 quam
1626 1465 1656 1497 in

927 1523 1094 1560 posterum
1120 1517 1256 1550 ubilibet
1279 1517 1503 1557 instituendae,
1529 1518 1581 1561 qui
1600 1528 1660 1561 per

928 1570 1137 1613 quadrantem
1163 1570 1264 1602 horae
1290 1569 1428 1602 orationi
1453 1570 1587 1602 mentali
1607 1581 1659 1602 va-

928 1623 1078 1663 caverint,
1096 1633 1153 1665 pro
1171 1622 1314 1665 qualibet
1338 1622 1405 1655 vice
1432 1628 1560 1655 centurn
1578 1622 1659 1662 dies,

929 1675 982 1718 qui
1014 1685 1073 1718 per
1104 1675 1184 1707 duos
1209 1675 1402 1717 quadrantes
1434 1674 1656 1713 continuatos,

930 1732 1053 1770 septem
1078 1737 1178 1759 annos
1198 1727 1236 1759 de
1255 1726 1407 1759 iniunctis
1426 1727 1470 1759 eis
1497 1737 1552 1759 seu
1578 1726 1657 1759 alias

929 1780 1173 1823 quomodolibet
1189 1779 1305 1811 debitis
1323 1779 1534 1822 poenitentiis
1548 1779 1579 1811 in
1595 1779 1659 1811 sor-

929 1835 978 1865 mi}
1002 1831 1162 1864 Ecclesiae
1189 1833 1342 1864 consueta
1368 1832 1568 1871 relaxamus;

973 1886 986 1927 g
1011 1885 1041 1917 ΞΖ.
1068 1884 1108 1917 lis
1132 1894 1220 1923 vero,
1245 1883 1298 1926 qui
1323 1883 1520 1916 devotionis¹
1547 1883 1851 1934 hUi¹¹SH³uff³⁰⁸¹f¹JfSnfii2iss

930 1938 1015 1969 modi
1042 1947 1100 1980 per
1124 1937 1206 1969 duos
1232 1937 1425 1979 quadrantes
1443 1936 1657 1976 continuatos,
1669 1941 1851 1991 rgfqufjslssgffigffig

930 1991 977 2022 rel
1003 1990 1116 2022 saltem
1143 1999 1202 2032 per
1222 1989 1435 2031 quadrantem
1456 1989 1567 2028 horae,
1593 1989 1658 2020 sin·
1670 1992 1851 2043 ffirffiffitftffissfg:

930 2042 1012 2084 gulis
1037 2041 1151 2073 diebus
1178 2047 1208 2073 et
1232 2051 1290 2084 per
1316 2046 1416 2073 totum
1442 2051 1585 2073 mensem
1605 2041 1852 2097 da-ffifjmfflpssffig:

929 2096 1008 2127 bunt
1039 2104 1191 2137 operam,
1225 2100 1256 2126 et
1281 2103 1353 2126 vere
1393 2093 1599 2135 poenitentes
1628 2098 1834 2125 etduwsuffrwi·

929 2146 1067 2179 confessi
1096 2145 1332 2178 sanctissimum
1362 2145 1581 2178 Eucharistiae
1612 2155 1660 2178 sa-

929 2204 1126 2231 cramentum
1153 2198 1356 2240 sumpserint,
1375 2208 1410 2230 ae
1431 2208 1490 2240 pro
1516 2197 1658 2230 christia-

929 2262 1041 2283 norum
1067 2250 1250 2294 principum
1276 2250 1458 2289 concordia,
1486 2251 1658 2283 haeresum

929 2304 1152 2346 extirpatione,
1172 2314 1207 2335 ae
1223 2307 1352 2334 sanctae
1371 2303 1476 2335 Matris
1495 2303 1657 2335 Ecclesiae

929 2356 1120 2388 exaltatione
1146 2354 1214 2397 pias
1239 2355 1277 2387 ad
1311 2355 1410 2387 Deum
1435 2365 1548 2398 preces
1573 2353 1656 2387 etsu-

929 2409 1043 2448 derint,
1067 2408 1245 2451 plenariam
1270 2409 1370 2440 semel
1389 2408 1532 2450 quolibet
1549 2417 1657 2440 mense

928 2461 1072 2494 omnium
1095 2465 1300 2504 peccatorum
1328 2471 1459 2493 suorum
1487 2460 1659 2502 indulgen-

963 2576 975 2602 1
998 2574 1096 2603 Forsan
1113 2573 1254 2610 legendum
1270 2574 1413 2601 devotioni
1427 2574 1465 2608 (tt.
1482 2572 1529 2607 Τ,).
