2111 3157
137 207 187 235 An.
204 206 234 235 c.
256 206 325 236 1584
372 200 436 236 574
913 212 1093 236 autuman
1117 212 1268 238 nomnen
1841 202 1902 243 Ἀἠ.
1918 214 1947 243 e.
1969 217 2038 245 ¹684

1108 260 1156 293 rio
1181 260 1378 295 emendandi
1414 262 1541 295 occasio
1576 262 1771 306 praebetur,
1803 273 1843 298 ne

1108 313 1171 354 diu,
1191 324 1262 346 cum
1283 324 1339 347 suo
1364 314 1536 356 dedecore,
1565 316 1661 349 totius
1686 317 1765 350 cleri
1787 327 1845 360 op-

1108 366 1265 409 probrio,
1301 372 1332 400 et
1364 378 1482 410 magno
1507 373 1573 401 tum
1608 369 1843 405 catholicorum

1108 424 1173 452 tum
1199 420 1452 453 acatholicorum
1478 422 1630 455 scandalo
1655 421 1688 454 in
1712 421 1844 466 publico

1107 472 1335 516 circumvagari
1352 474 1600 516 permittantur;
1623 473 1775 508 fidelibus
1791 485 1845 510 ve-

1108 536 1153 566 ro,
1180 527 1253 560 dum
1278 532 1401 560 mature
1427 538 1444 560 a
1469 528 1631 562 scandalis
1651 528 1844 564 clericorum

1108 580 1300 620 liberantur,
1320 585 1361 621 et,
1383 581 1456 613 loco
1483 581 1701 615 taediosorum
1720 592 1844 624 senum,

1107 635 1156 666 vel
1175 634 1253 666 alias
1269 633 1463 667 inhabilium
1477 634 1693 676 sacerdotum,
1707 634 1844 669 idoneos

577 259 661 287 PARS
687 259 819 287 TERTIA.

332 313 542 343 Constitutiones
561 324 612 352 pro
634 314 781 343 directione
808 313 975 343 sacerdotum
997 313 1066 344 alio-

370 372 484 401 rumque
505 362 664 392 clericorum
682 372 786 399 senum,
801 367 825 391 et
842 362 911 392 ulicis
926 362 960 392 ad
974 364 1037 402 offic
1045 365 1066 393 ἀ

369 416 394 441 el
416 411 543 450 beneficia
564 411 746 440 ecelesiastica
767 421 800 440 esc
822 420 991 450 quocumque
1020 412 1066 441 de-

367 461 440 499 fectu
463 459 643 494 inhabilium,
668 461 696 488 in
718 460 839 489 domibus
860 461 1045 491 emeritorum.

578 525 814 550 PRAENOTATIO.

163 588 191 608 De
205 589 250 613 fine,
261 589 317 619 utili-

371 579 467 619 Finis,
494 589 589 622 quem
614 579 762 612 clericale
787 579 850 612 hoc
882 579 1065 614 institutum

135 618 359 666 {2:53²51.¹2'„⁰5‚‡³J?„'i11
386 631 552 665 erectione
578 631 724 664 eiusdem
760 631 912 665 domuum
949 634 1066 666 emeri-

135 671 276 690 ⁰¹⁰⁸¹²⁰¹¹¹¹¹¹⁴
329 690 432 717 torum
452 685 602 724 intendit,
622 695 798 728 earumque
817 686 982 729 multiplex
1004 688 1065 719 uti-

326 737 409 778 litas,
435 747 518 781 quae
537 737 575 770 ad
592 737 735 770 diversos
757 738 872 772 exinde
893 739 1063 781 redundat,

327 791 375 823 uti
400 796 431 823 et
460 790 636 824 necessitas
675 791 707 824 in
749 802 787 825 eo
827 798 888 826 est.
930 793 1066 827 Prodest

326 854 464 888 namque
490 845 521 877 in
547 845 659 888 primis
692 846 975 880 reverendissimis
1010 848 1066 881 do-

326 898 423 931 minis
447 897 637 939 Ordinariis,
674 903 709 931 ut
744 900 879 933 clericos
919 910 995 933 suos
1031 901 1065 933 in

326 951 417 995 praxi
444 961 568 991 eorum,
596 961 675 994 quae
699 952 737 985 ad
759 962 866 986 curam
887 953 1065 987 animarum

327 1009 483 1047 spectant,
502 1004 726 1039 informandos
747 1016 868 1047 curare,
884 1012 916 1039 et
939 1007 1064 1040 facilius

327 1055 360 1090 in
386 1056 527 1091 clericali
552 1057 615 1090 vita
640 1062 672 1090 et
696 1058 867 1092 honestate
888 1059 1064 1099 continere,

328 1119 423 1142 senes
449 1120 578 1153 quoque
616 1115 648 1143 et
672 1111 752 1144 alios
786 1112 825 1145 ad
851 1123 962 1147 curam
998 1112 1065 1147 ani-

327 1173 453 1195 marum
479 1163 641 1198 inhabiles
667 1165 805 1207 (servata
829 1176 993 1199 sacrorum
1020 1177 1066 1199 ca-

328 1226 448 1249 nonum
473 1222 506 1249 et
529 1217 612 1250 sacri
637 1217 818 1252 Tridentini
844 1219 977 1253 Concilii
1003 1220 1066 1252 dis-

327 1269 503 1312 positione,
539 1275 570 1302 et
601 1273 723 1303 attenta
759 1282 795 1304 ex
828 1277 923 1315 pacto
956 1277 1066 1306 mutuo

327 1321 414 1356 inter
429 1324 566 1357 clericos
583 1324 679 1356 huius
697 1325 835 1358 instituti
854 1326 1066 1368 proveniente

329 1375 547 1420 obligatione)
565 1383 687 1411 mature
705 1378 744 1411 ab
763 1379 875 1412 eadem
897 1389 1066 1413 removere

328 1429 467 1471 possint,
486 1440 534 1470 ne,
557 1429 632 1463 dum
658 1431 800 1464 nescitur
824 1430 878 1463 ubi
904 1437 957 1464 aut
980 1432 1067 1470 unde

328 1483 513 1518 necessaria
536 1484 664 1517 illorum
685 1485 877 1520 sustentatio
897 1496 1068 1529 procuran-

330 1534 370 1568 da
394 1535 442 1576 sit,
469 1535 524 1569 diu
549 1547 615 1569 non
639 1537 708 1570 sine
733 1548 849 1580 magno
871 1549 929 1571 suo
947 1538 1068 1573 incom—

330 1589 428 1622 modo
461 1590 649 1633 maioreque
686 1591 886 1624 subditorum
923 1592 1068 1634 periculo

330 1641 364 1675 in
390 1645 427 1676 ea
461 1644 706 1687 relinquantur,
740 1650 909 1689 postquam
935 1655 994 1688 per
1019 1656 1069 1679 se-

330 1696 422 1742 nium,
437 1698 487 1730 vel
506 1698 602 1731 alium
624 1697 785 1731 deiectum
806 1699 910 1731 eidem
932 1700 1069 1742 amplius

331 1750 566 1784 convenienter
582 1761 732 1794 praeesse
746 1762 812 1784 non
830 1757 978 1795 possunt.
999 1752 1070 1785 Pro-

333 1803 406 1836 dest
430 1803 546 1836 deinde
571 1804 685 1837 iisdem
711 1805 992 1838 reverendissimis
1016 1805 1071 1838 do-

332 1855 429 1889 minis
453 1855 631 1889 Ordinariis
652 1857 701 1889 vcl
722 1857 803 1898 aliis,
823 1858 875 1900 qui
894 1858 1069 1901 praedictis

334 1909 471 1949 clericis,
491 1920 562 1942 cum
587 1910 627 1942 ad
652 1920 759 1943 sacros
784 1911 916 1943 ordines
942 1921 1071 1954 promo-

333 1967 458 2003 ventur,
482 1962 607 1996 titulum
633 1973 763 1996 mensae
785 1963 977 2004 tribuerunt,
997 1964 1070 1997 dum

335 2020 523 2048 occurrente
548 2026 635 2056 casu,
663 2026 725 2059 quo
750 2016 805 2049 illo
837 2017 916 2049 alias
948 2016 993 2048 uti
1020 2017 1073 2050 de-

335 2066 498 2109 buerunt,
541 2069 764 2104 communibus
805 2069 943 2102 instituti
978 2070 1072 2103 bonis

337 2126 565 2162 sustententur,
592 2122 719 2166 ipsique
737 2123 801 2157 hoc
817 2134 917 2157 onere
943 2123 1073 2156 eosdem

338 2175 540 2208 sustentandi
565 2177 787 2210 subleventur.
820 2177 958 2212 Prodest
988 2176 1075 2209 insu-

332 2235 398 2270 'per
423 2233 486 2261 tam
512 2228 636 2262 clericis
662 2229 738 2262 huic
762 2229 911 2262 instituto
930 2230 1072 2270 addictis,

341 2291 434 2323 quam
458 2281 608 2315 fidelibus
634 2284 769 2316 maxime
804 2294 942 2327 quorum
977 2294 1074 2317 curae

341 2335 496 2377 praefecti
521 2337 600 2377 sint,
628 2338 754 2370 clericis
780 2338 922 2381 quidem,
947 2338 1021 2371 dum
1041 2338 1076 2370 il-

343 2387 383 2420 lis
408 2388 440 2420 in
461 2389 562 2430 senio,
579 2391 624 2423 uti
646 2396 677 2423 et
697 2391 727 2424 in
755 2402 828 2424 casu
847 2391 961 2435 quoin
982 2402 1075 2434 grave

343 2446 509 2483 peccatum
534 2444 581 2476 vel
603 2445 787 2478 scandalum
804 2456 840 2478 ex
860 2446 999 2478 humana
1019 2446 1076 2478 sra-

345 2494 466 2535 gilitate
485 2496 563 2538 lapsi
586 2497 700 2537 forent,
723 2499 982 2531 commodissima
999 2498 1077 2541 ipsis

345 2546 378 2579 in
403 2558 435 2581 se
467 2549 646 2589 redeundi,
673 2552 905 2593 poenitentiam
937 2551 1074 2595 agendi,

346 2602 515 2635 commissa
539 2609 670 2646 peccata
690 2605 848 2647 expiandi,
867 2611 898 2637 et
915 2605 1009 2639 vitam
1027 2616 1076 2640 se·

1108 686 1289 720 animarum
1315 693 1482 720 curatores
1507 688 1751 722 nanciscuntur.
1773 687 1844 722 Pro·

1108 740 1178 773 dest
1203 740 1342 783 denique
1367 740 1541 773 universali
1572 740 1689 773 Christi
1722 740 1845 774 domini

1108 793 1208 827 nostri
1223 792 1398 834 Ecclesiae,
1414 794 1453 826 ad
1471 794 1560 826 cuius
1577 794 1844 838 propagationem

1108 857 1145 880 ex
1170 847 1329 880 eiusmodi
1352 847 1514 888 domibus,
1539 848 1595 883 ubi
1628 857 1845 891 supernume-

1108 900 1183 932 rarii
1216 900 1366 934 nonnulli
1399 901 1573 935 sustentari
1606 906 1762 944 possunt,
1795 910 1846 934 sa-

1108 952 1275 994 cerdotes,
1311 952 1497 996 adspirante
1531 953 1638 986 divina
1662 953 1778 996 gratia,
1804 953 1845 986 ad

1108 1006 1277 1038 missiones
1302 1005 1334 1038 in
1361 1010 1463 1038 terras
1490 1006 1729 1039 haereticorum
1749 1010 1782 1039 et
1797 1005 1845 1038 in-

1108 1057 1273 1099 fidelium,
1307 1068 1374 1092 non
1409 1069 1499 1091 secus
1534 1069 1570 1091 ac
1601 1068 1638 1091 ex
1672 1058 1846 1102 religioso-

1108 1122 1180 1146 rum
1205 1112 1352 1146 coetibus
1380 1112 1440 1145 viri
1471 1112 1585 1156 probi,
1613 1112 1696 1146 docti
1728 1122 1765 1146 ac
1795 1122 1847 1146 ze-

1109 1165 1168 1198 losi
1187 1165 1280 1198 educi
1305 1170 1470 1208 poterunt,
1496 1175 1574 1208 quas
1600 1175 1639 1198 eo
1663 1164 1844 1209 promptius

1109 1218 1299 1262 suscipient,
1325 1229 1388 1262 quo
1409 1218 1529 1251 certius
1554 1224 1686 1259 norunt,
1704 1218 1789 1262 quod
1813 1218 1847 1251 in

1110 1276 1287 1313 senectute,
1314 1273 1364 1305 vel
1390 1271 1450 1304 alia
1481 1271 1731 1315 superveniente
1755 1271 1848 1305 inha-

1109 1325 1246 1366 bilitate,
1272 1330 1349 1368 post
1373 1325 1577 1359 exanthlatos
1602 1325 1635 1358 in
1660 1324 1846 1358 huiusmodi

1111 1377 1319 1411 missionibus
1335 1377 1473 1417 labores,
1491 1388 1616 1410 rursum
1633 1377 1676 1411 ad
1689 1376 1847 1411 eiusmodi

1111 1432 1242 1465 domum
1266 1441 1432 1467 recursum
1468 1431 1589 1464 habere
1618 1431 1756 1474 possint.
1783 1430 1848 1464 Nec

1111 1485 1193 1518 adeo
1218 1494 1335 1528 magna
1359 1485 1421 1517 erit
1444 1485 1477 1517 in
1498 1484 1661 1527 erigendis
1679 1490 1710 1517 et
1727 1484 1848 1517 instru-

1112 1538 1203 1571 endis
1243 1538 1480 1581 fundandisque
1506 1538 1664 1571 eiusmodi
1700 1537 1848 1571 domibus

1112 1590 1295 1632 difficultas,
1322 1601 1392 1624 cum
1419 1591 1452 1624 in
1474 1591 1584 1634 quavis
1602 1590 1847 1632 archidioecesi,

1111 1646 1160 1678 vel
1194 1646 1306 1678 saltem
1338 1645 1494 1688 ampliore
1525 1644 1683 1686 dioecesi,
1718 1643 1848 1677 nonnisi

1113 1709 1176 1731 una
1194 1699 1266 1732 talis
1282 1699 1398 1731 domus
1420 1699 1462 1731 sit
1478 1698 1671 1738 necessaria,
1693 1697 1734 1731 ad
1754 1707 1850 1741 quam

1113 1752 1301 1795 erigendam
1327 1757 1358 1784 et
1386 1752 1580 1785 necessariis
1610 1751 1705 1784 rebus
1729 1751 1850 1784 instru-

1112 1806 1250 1847 endam,
1292 1815 1406 1838 omnes
1447 1805 1522 1837 huic
1550 1805 1696 1839 instituto
1732 1803 1850 1838 adiecti

1112 1859 1221 1892 clerici
1235 1868 1295 1902 pro
1313 1859 1497 1891 facultatum
1514 1867 1646 1891 suarum
1663 1859 1758 1892 modo
1776 1868 1852 1892 con-

1113 1917 1256 1945 current.
1283 1911 1394 1955 ltaque
1418 1912 1505 1945 bona
1526 1912 1753 1953 ecclesiastica,
1778 1921 1853 1945 con-

1114 1976 1212 2009 gruae
1237 1966 1461 1999 sustentationi
1479 1975 1556 1999 suae
1573 1965 1746 2009 superflua,
1768 1976 1852 2010 quae

1115 2021 1192 2053 alias
1217 2020 1250 2052 in
1275 2019 1346 2062 pios
1372 2030 1448 2052 usus
1474 2019 1658 2063 expendere
1683 2019 1851 2060 deberent,

1115 2073 1147 2105 in
1172 2073 1260 2105 hunc
1292 2072 1541 2105 determinatum
1571 2072 1660 2116 pium
1695 2072 1854 2116 valdeque

1116 2125 1259 2158 clericali
1283 2125 1364 2159 vitae
1390 2126 1639 2159 convenientem
1660 2136 1752 2159 usum
1776 2134 1854 2169 prae

1116 2179 1233 2212 ceteris
1259 2179 1444 2222 expendent
1467 2190 1504 2212 ac
1526 2179 1729 2223 relinquent,
1756 2179 1853 2223 idque

1117 2233 1149 2265 in
1175 2234 1211 2266 ea
1234 2233 1402 2276 provincia
1433 2233 1487 2266 ubi
1520 2233 1651 2266 suerunt
1686 2232 1852 2276 acquisita.

1118 2286 1246 2329 Sperari
1265 2297 1396 2330 quoque
1414 2291 1522 2330 potest
1539 2287 1607 2320 sore
1629 2291 1664 2319 ut
1678 2286 1764 2320 Deus
1779 2286 1856 2319 alio-

1119 2349 1188 2371 rum
1203 2350 1335 2383 quoque
1351 2346 1563 2383 patronorum
1579 2340 1705 2374 animos
1718 2339 1855 2373 subinde

1120 2392 1236 2425 excitet
1260 2393 1298 2425 ad
1324 2393 1409 2426 hanc
1437 2394 1521 2437 piam
1547 2394 1670 2437 totique
1690 2393 1855 2426 Ecclesiae

1119 2445 1173 2477 Dei
1194 2445 1305 2479 utilem
1325 2446 1540 2480 intentionem
1558 2447 1591 2479 in
1607 2457 1688 2491 opus
1707 2447 1856 2490 redigen-

1119 2498 1205 2531 dum.

1163 2562 1184 2585 ι.
1212 2552 1251 2585 Ut
1281 2559 1355 2596 post
1381 2555 1583 2588 exanthlatos
1616 2554 1699 2588 vitae
1732 2554 2053 2610 αοῑίνειθωρξξῖυᾛβξῗ

1119 2605 1264 2648 labores,
1291 2607 1477 2642 sacerdotes
1503 2608 1595 2642 senio
1620 2608 1757 2643 consecti
1782 2607 1851 2642 sine
1864 2618 1925 2641 ‘tuem
1940 2612 2001 2634 finem
2014 2618 2049 2635 ro·
