2111 3157
28 203 79 231 Aa.
98 200 127 227 C.
147 200 214 228 ¹688

800 205 1015 229 INNOCENTIUS
1037 206 1066 229 Χῖ
1092 206 1141 230 PP-

218 251 298 284 solvi
317 250 376 284 nisi
395 261 454 295 per
473 252 641 296 proprium
662 253 805 296 priorem
821 263 891 286 eum
907 253 951 285 in-

219 303 387 338 iunctione
400 305 550 338 salutaris
570 305 803 349 poenitentiae.
819 305 909 343 Quod
923 305 949 337 si

220 358 260 391 de
285 357 347 391 hoc
370 358 533 391 convictus
553 358 650 392 fuerit
673 360 722 392 vel
743 369 851 392 coram
869 359 950 391 testi-

218 411 278 444 bus
302 411 489 452 consessus,
523 422 699 445 conversus
732 412 952 444 incarceretur

219 464 259 497 ad
276 463 404 497 Ordinis
430 465 645 506 voluntatem;
665 466 801 498 donatus
817 475 894 498 vero
912 464 951 497 ab

219 516 340 555 Ordine
364 522 521 561 perpetuo
539 518 578 550 sit
594 518 718 551 alienus
736 523 767 550 et
787 519 948 560 expulsus.

262 579 318 603 Lu.
344 569 511 603 Mulierum
535 581 810 614 quarumcumque
831 571 952 612 ample-

218 632 279 659 xus
303 627 336 655 et
359 623 470 656 oscula
493 623 625 656 omnino
654 623 816 655 conversis
841 622 952 665 prohi-

218 674 342 714 bemus,
361 676 421 708 sub
444 677 550 719 poena
579 675 766 718 disciplinae
792 675 951 717 generalis

219 727 258 760 ad
283 727 411 761 Ordinis
436 728 657 761 voluntatem:
684 728 793 760 donati
813 738 899 766 vero,
926 728 950 760 si

218 780 300 814 haec
324 780 439 813 fecisse
464 779 584 812 fuerint
598 780 804 822 deprehensi,
821 785 952 813 teneant

219 833 367 867 ordinem
385 833 417 866 in
435 832 626 866 victualibus
644 842 702 876 per
718 843 815 865 unam
830 832 951 865 hebdo'-

217 887 356 920 madam.

261 949 329 973 uu.
356 939 387 973 Si
406 939 483 983 quid
500 939 654 971 donatum
674 937 770 971 fuerit
786 938 950 971 conversis

216 991 249 1025 in
274 992 379 1025 aliena
404 992 500 1024 domo
525 991 811 1029 commorantibus,
834 1000 951 1023 exeun-

217 1050 266 1078 tes
298 1044 375 1077 inde
405 1044 590 1077 nullatenus
626 1043 746 1075 debent
781 1048 949 1086 asportare

216 1098 295 1130 illud
331 1097 402 1130 sine
433 1096 565 1130 licentia
600 1095 741 1139 priorum
778 1095 948 1128 domorum

217 1150 417 1183 earumdem.

260 1213 325 1237 lav.
351 1201 465 1236 Nullus
489 1211 666 1235 conversus
683 1202 715 1234 in
738 1201 857 1234 itinere
875 1211 949 1234 con-

215 1255 348 1289 stitutus
364 1256 551 1288 mantellum
583 1255 780 1288 saecularem
798 1265 854 1287 seu
877 1265 949 1297 cap-

215 1320 289 1353 pam
307 1320 323 1341 a
343 1309 473 1352 caputio
498 1313 678 1352 separatam
700 1312 832 1351 portare
857 1318 948 1351 prae-

215 1366 340 1400 sumat,
369 1371 430 1394 nec
459 1360 607 1393 habitum
630 1357 758 1392 Ordinis
785 1359 946 1392 dimittere

215 1418 269 1446 aut
292 1413 417 1446 occulte
442 1413 535 1452 ferre,
554 1412 616 1444 nisi
641 1412 819 1455 periculum
844 1412 948 1445 immi-

213 1476 294 1499 nens
319 1467 405 1500 aliud
430 1466 652 1510 postulaverit.

259 1529 308 1553 ιν.
336 1519 601 1559 Foeneratorum,
627 1519 868 1558 usurariorum,
895 1528 947 1550 ex-

214 1572 523 1604 communicatorum
549 1578 581 1604 et
604 1577 778 1614 raptorum,
797 1571 849 1614 qui
868 1572 945 1603 tales

215 1634 285 1657 esse
302 1629 487 1663 noscuntur,
504 1623 750 1656 familiaritatem
765 1628 797 1655 et
813 1633 946 1656 munera

214 1675 436 1708 interdicimus
461 1675 638 1708 conversis.

258 1739 320 1762 Lvt.
347 1728 460 1762 Libros
485 1729 723 1761 haeretIcorum
750 1729 858 1761 nullus
877 1739 947 1760 eon-

213 1792 324 1814 versus
349 1782 399 1815 vel
424 1781 580 1820 donatus,
611 1786 665 1813 aut
700 1781 781 1814 alius
811 1781 947 1824 quilibet

214 1835 313 1868 nostri
338 1834 478 1875 Ordinis,
495 1836 579 1878 apud
597 1846 631 1867 se
653 1835 790 1868 retineat
811 1836 859 1868 vel
878 1837 945 1868 ullo

213 1889 308 1921 modo
342 1889 449 1931 legat,
473 1888 532 1920 sub
564 1890 670 1931 poena
703 1889 855 1921 carceris,
888 1888 944 1926 Qui

206 1940 299 1973 ‘enim
326 1941 405 1973 tales
430 1940 532 1973 libros
550 1940 676 1979 retinet,
695 1941 743 1972 vel
762 1941 851 1983 legit,
877 1941 944 1983 ipso

213 1993 297 2027 facto
314 1993 505 2026 sententiam
530 1992 873 2025 excommunicationis
900 1992 945 2024 in-

213 2046 313 2079 currit
338 2056 374 2079 ex
399 2056 488 2078 sacro
513 2045 657 2078 Concilio
682 2045 882 2078 Tridentino.

256 2109 333 2132 Lvu.
359 2098 453 2131 Nulla
474 2108 614 2142 persona
637 2097 765 2130 Ordinis
790 2098 942 2130 infantem

213 2151 253 2185 de
278 2161 369 2184 sacro
402 2151 489 2184 fonte
520 2151 626 2183 levare
654 2156 861 2194 praesumat,
892 2157 944 2183 aut

213 2214 286 2237 eum
303 2203 364 2236 nisi
383 2203 415 2237 in
433 2214 506 2236 casu
525 2202 717 2236 inevitabilis
742 2203 944 2236 necessitatis

212 2255 388 2299 baptizare.
415 2255 594 2289 Conversus
620 2254 672 2298 qui
698 2255 942 2295 contrafecerit,

213 2308 419 2352 disciplinam
447 2308 632 2350 generalem
660 2307 860 2348 substineat;
887 2308 942 2340 do-

212 2366 305 2400 natus
329 2361 368 2394 ab
392 2361 511 2394 Ordine
536 2361 725 2403 expellatur.

256 2424 345 2447 Lvtu.
371 2412 484 2447 Nullus
507 2413 647 2445 scienter
669 2422 729 2456 per
752 2423 786 2445 se
810 2413 858 2446 vel
884 2423 944 2456 per

212 2466 311 2499 alium
335 2470 517 2509 praesumat
540 2465 662 2498 litteras
686 2465 847 2508 accipere,
873 2476 945 2508 por-

212 2524 288 2558 tare,
307 2520 356 2551 vel
380 2519 517 2558 mittere,
535 2519 585 2551 vel
603 2517 824 2550 nuntiationes
847 2519 944 2551 verbo

212 2576 304 2609 tenus
330 2572 460 2612 facere„
485 2581 568 2615 quae
593 2570 714 2604 directe
739 2570 788 2603 vel
821 2570 943 2604 indire-

992 259 1039 286 cte
1060 265 1128 287 esse
1148 259 1282 298 possent
1299 258 1412 288 contra
1435 255 1556 288 bonum
1577 256 1676 298 pacis,
1695 260 1727 289 et

992 307 1164 350 principes,
1183 308 1232 340 vel
1250 318 1471 351 quoscumque
1497 307 1577 341 alios
1597 319 1727 351 magna-

994 364 1050 397 tes,
1069 365 1122 392 aut
1142 361 1302 403 praelatos
1320 361 1357 393 ad
1382 360 1637 403 indignationem
1656 372 1727 405 pro·

993 422 1119 444 vocare.
1146 413 1326 446 Conversus
1344 414 1396 456 qui
1422 414 1485 447 hoc
1510 414 1631 454 fecerit,
1648 425 1727 458 poe-

993 476 1064 498 nam
1097 466 1344 499 criminosorum
1377 467 1554 509 sustineat·,
1587 467 1724 502 donatus

993 520 1183 562 expellatur.

1036 582 1100 604 ux.
1127 572 1236 604 Artem
1262 572 1441 613 alchimiae,
1457 574 1505 607 vel
1526 573 1657 617 quintae
1678 585 1726 608 es-

994 624 1129 664 sentiae,
1156 625 1245 658 nulla
1276 635 1416 667 persona
1440 625 1567 658 Ordinis
1602 637 1661 670 per
1690 637 1724 660 se

994 677 1041 708 vel
1058 687 1117 719 per
1136 676 1232 709 alium
1251 677 1283 710 in
1302 677 1449 710 domibus
1475 683 1528 710 aut
1549 678 1623 711 alibi
1642 689 1726 712 exer·

994 739 1066 761 cere
1092 735 1296 772 praesumat,
1321 735 1374 763 aut
1398 732 1624 764 exercentibus
1649 742 1726 764 con-

994 781 1100 814 silium
1126 787 1177 814 aut
1202 782 1351 815 auxilium
1382 788 1568 826 praestare,
1594 790 1647 817 aut
1670 785 1725 818 ubi

994 834 1082 866 illam
1117 840 1271 867 exercent
1306 835 1482 876 interesse,
1515 847 1571 869 seu
1602 837 1724 869 instru-

994 892 1100 919 menta
1118 887 1196 920 artis
1217 898 1318 930 penes
1336 899 1367 921 se
1387 889 1526 929 hahere;
1546 894 1578 921 et
1595 900 1727 922 eonver-

994 951 1055 980 sus,
1075 941 1129 983 qui
1151 940 1212 973 hoe
1231 940 1355 979 fecerit,
1375 941 1564 984 disciplinae
1583 943 1725 984 generali

994 992 1174 1032 subiaceat;
1194 993 1330 1025 donatus
1355 994 1547 1036 expellatur.

1037 1056 1086 1078 Lx.
1114 1046 1143 1078 Si
1170 1047 1240 1089 quis
1266 1057 1440 1079 conversus
1458 1047 1496 1079 ad
1518 1057 1621 1089 reges
1640 1048 1726 1091 prin-

993 1099 1091 1142 cipes,
1118 1105 1148 1132 et
1172 1100 1251 1133 alias
1275 1105 1453 1144 potestates
1479 1105 1509 1133 et
1534 1100 1726 1135 iurisdietio-

993 1162 1048 1185 nes
1073 1153 1241 1195 utriusque
1274 1157 1376 1185 status
1408 1163 1607 1196 quacumque
1633 1165 1725 1187 occa-

992 1204 1083 1236 sione
1108 1204 1302 1244 rceurrerit,
1329 1210 1489 1248 tamquam
1521 1205 1648 1238 Ordinis
1672 1207 1725 1239 de-

992 1262 1096 1289 sertor
1119 1259 1225 1299 poena
1249 1258 1498 1290 criminosorum
1522 1258 1686 1302 puniatur.

1034 1319 1095 1342 th.
1127 1309 1284 1342 Generale
1309 1310 1504 1353 capitulum,
1529 1311 1579 1343 cui
1613 1321 1724 1344 omnes

991 1362 1126 1394 obedire
1154 1367 1313 1401 tenemur,
1330 1363 1465 1395 firmiter
1492 1363 1633 1406 iniungit
1652 1365 1724 1396 uni-

990 1415 1089 1447 versis
1106 1420 1137 1446 et
1152 1415 1299 1457 singulis,
1317 1420 1363 1454 ut,
1382 1425 1454 1448 cum
1473 1416 1623 1448 noverint
1640 1416 1724 1449 inor-

991 1467 1115 1499 dinatos
1140 1478 1300 1507 excessus,
1319 1468 1459 1500 vicissim
1485 1479 1518 1501 se
1543 1479 1576 1501 se
1598 1470 1724 1502 fortiter

990 1525 1021 1552 et
1045 1520 1248 1560 charitative,
1275 1521 1412 1554 discrete
1440 1527 1545 1555 tamen
1572 1526 1602 1555 et
1626 1523 1658 1554 in
1683 1524 1723 1555 le-

990 1574 1087 1605 nitate
1121 1574 1269 1617 spiritus,
1301 1575 1566 1617 repreliendant;
1600 1580 1631 1607 et
1662 1576 1723 1609 hoc

989 1626 1125 1657 maxime
1147 1626 1345 1668 antiquiores
1373 1627 1500 1667 faciant,
1520 1627 1595 1660 licet
1611 1638 1723 1661 omnes

990 1682 1162 1710 teneantur
1194 1678 1232 1709 ad
1258 1679 1491 1711 correctionem
1519 1680 1719 1713 fraternam:

989 1731 1074 1773 quod
1093 1730 1117 1761 si
1137 1731 1321 1763 emendatio
1340 1741 1404 1764 non
1421 1736 1586 1774 sequatur,
1603 1726 1723 1765 denun-

989 1782 1075 1814 cient
1105 1782 1244 1825 primum
1279 1783 1399 1825 priori,
1425 1784 1540 1816 deinde
1576 1784 1721 1817 visitato-

988 1835 1085 1875 ribus,
1117 1841 1148 1867 et
1174 1835 1197 1867 si
1224 1835 1284 1879 ipsi
1310 1847 1372 1869 non
1400 1837 1621 1879 providerint,
1655 1843 1720 1870 tum

988 1888 1115 1920 demum
1146 1890 1324 1921 reverendo
1350 1890 1432 1932 patri
1457 1890 1644 1922 Carthusiae
1671 1892 1720 1924 vel

987 1940 1127 1984 capitulo
1157 1941 1312 1983 generali.
1340 1941 1426 1979 Quod
1460 1942 1484 1973 si
1519 1953 1720 1986 quacumque

988 1993 1025 2025 de
1044 1995 1138 2025 rausa
1164 1993 1348 2035 praedictae
1375 1994 1646 2037 reprehensiones
1669 1996 1718 2028 vel

987 2045 1252 2077 denunciationes
1277 2046 1413 2078 omissae
1439 2046 1576 2086 fuerint,
1603 2052 1664 2078 tam
1689 2057 1719 2079 0-

986 2098 1150 2130 mittentes
1164 2108 1258 2140 quam
1273 2099 1468 2131 excedentes
1486 2099 1588 2132 sciant
1605 2100 1643 2132 de
1660 2109 1719 2132 suo

985 2155 1172 2193 contemptu
1198 2155 1229 2183 et
1259 2151 1458 2193 negligentia
1491 2151 1648 2184 rationem
1674 2153 1720 2185 di·
1749 2175 1756 2180 -

984 2203 1095 2235 stricto
1120 2203 1220 2235 ludici
1245 2213 1279 2235 se
1303 2204 1498 2236 reddituros.

1028 2266 1102 2288 an.
1140 2255 1364 2288 Verumtamen
1401 2258 1508 2289 nullus
1545 2268 1718 2291 conversus

984 2313 1037 2340 aut
1070 2308 1205 2340 donatus
1242 2314 1425 2350 praesumat
1464 2310 1495 2341 in
1531 2311 1719 2352 praesentia

985 2361 1229 2400 monachorum,
1253 2362 1303 2393 vel
1328 2361 1482 2394 laicorum
1497 2389 1504 2402 ,
1529 2368 1582 2395 aut
1606 2373 1718 2396 saecu-

985 2413 1100 2446 larium
1137 2423 1413 2456 quorumcumque
1450 2414 1590 2456 priorem
1624 2426 1717 2449 suum

984 2467 1031 2498 vel
1050 2470 1292 2508 procuratorem
1314 2466 1566 2508 reprehendere,
1583 2473 1637 2500 aut
1656 2468 1717 2500 eis-

985 2518 1055 2550 dem
1080 2522 1230 2560 proterve
1256 2519 1457 2561 respondere
1483 2525 1514 2551 et
1538 2520 1689 2553 resistere
1705 2547 1712 2560 ,

985 2570 1044 2603 sub
1058 2572 1160 2615 poena
1173 2570 1362 2614 privationis
1379 2571 1441 2604 vini
1460 2577 1492 2604 et
1505 2572 1658 2617 pitantiae
1675 2574 1715 2606 ad

1621 197 1684 231 903
1732 206 1782 233 An.
1800 205 1829 235 c.
1852 207 1918 236 ¹688
