2111 3157
39 222 87 249 An.
108 218 137 247 c.
154 217 235 254 1681,

64 652 184 674 Exordium.

529 268 652 302 CXLIV.

229 337 380 381 Erigitur
405 339 613 382 Conqreyati‘o
634 339 964 373 Benedictino-Bava-

272 391 343 423 rica
374 392 432 424 sub
458 392 553 425 titulo
582 392 630 426 ss.
657 393 861 436 Anqelorum
888 392 962 426 Cus-

275 444 419 478 tontum&

419 524 613 552 Innocentius
633 525 711 557 Papa
729 525 778 555 XI,

343 569 379 595 ad
398 572 575 602 perpetuam
597 568 642 595 rei
667 569 849 596 memoriam.

251 629 515 681 ⁴Circumspeeta
542 638 676 671 Romani
702 637 886 678 Pontificis,
912 639 962 670 cui

231 691 298 734 agri
323 691 477 723 dominici
495 701 570 723 cura
595 690 745 723 divinitus
767 690 889 723 credita
906 697 961 731 est,

231 743 438 786 providentia
472 743 505 775 in
538 743 569 775 id
599 743 776 786 praecipue
813 743 961 776 sollicitis

232 795 345 828 studiis
368 795 535 834 incumbit,
562 801 596 828 ut
611 796 819 828 monasticam
838 797 964 838 regula-

231 858 365 890 remque
391 848 605 890 disciplinam,
625 849 726 880 sicubi
744 850 888 892 collapsa
905 855 962 886 est,

231 901 337 934 modis
361 902 511 944 congruis
544 903 715 934 restituere
741 907 882 944 satagat3
908 902 963 934 ubi

231 964 309 986 vero
333 954 470 987 Domino
496 954 709 987 benedicente
726 955 819 997 viget,
839 960 965 998 aposto-

232 1005 312 1039 licae
342 1006 554 1048 benignitatis
589 1007 752 1039 favoribus
790 1007 895 1040 foveat
933 1013 965 1040 et

233 1059 367 1099 excolat,
382 1069 445 1102 quo
460 1060 498 1092 ad
517 1060 678 1102 perfectae
697 1061 889 1093 maturitatis
907 1061 966 1092 sru-

234 1122 317 1154 gem,
343 1112 525 1155 adspirante
548 1113 679 1155 superni
700 1113 818 1145 favoris
837 1113 964 1153 auxilio,

232 1170 393 1208 provecta,
418 1165 591 1198 Ecclesiam
625 1165 678 1197 Dei
704 1166 907 1198 uberioribus
933 1167 966 1198 in

234 1218 301 1251 dies
324 1218 483 1251 honorum
508 1228 644 1261 operum
679 1219 830 1251 laetificet
860 1219 966 1252 incre·

233 1272 362 1304 mentis.
389 1272 464 1304 Ideo
483 1281 555 1310 nos,
583 1272 620 1304 ad
646 1272 814 1314 pastoralis
834 1272 967 1314 dignita-

234 1323 274 1356 tis
300 1323 472 1366 sastigium,
499 1325 588 1356 nullo
606 1324 683 1356 licet
703 1324 891 1356 meritorum
909 1335 967 1356 no—

234 1381 371 1409 strorum
397 1376 559 1417 sutt'ragio,
586 1386 644 1419 per
669 1376 864 1409 ineffabilem
889 1377 966 1409 divi-

234 1439 294 1461 nae
318 1429 472 1462 bonitatis
498 1429 726 1462 abundantiam
752 1430 862 1470 evecti,
885 1430 917 1462 in
935 1430 964 1461 id

234 1482 342 1525 ipsum
366 1482 521 1525 peculiari
540 1482 645 1514 studio
664 1485 851 1525 summaque
870 1483 964 1514 animi

235 1535 442 1568 contentione
474 1534 708 1573 incumbimus,
742 1545 844 1578 eoque
871 1535 965 1568 etiam

236 1587 402 1619 tendentia
416 1587 558 1619 virorum
573 1586 800 1628 religiosorum
813 1587 965 1620 Altissimi

237 1639 401 1682 obsequiis
436 1640 494 1671 sub
532 1639 619 1671 suavi
656 1641 848 1672 monasticae
885 1640 966 1672 vitae

236 1692 312 1735 iugo
347 1692 600 1734 mancipatorum
638 1698 709 1725 vota
734 1703 769 1724 ac
794 1693 966 1725 laudabilia

238 1745 495 1778 orthodoxorum
529 1745 713 1788 principum
751 1746 852 1778 avitae
895 1746 967 1778 fidei

239 1803 271 1830 et
288 1797 483 1830 christianae
503 1797 671 1839 religionis
694 1799 830 1831 tuendae
851 1803 881 1831 et
898 1809 970 1840 pro-

238 1851 404 1893 pagandae
450 1851 519 1883 zelo
563 1850 696 1893 aliisque
736 1851 970 1893 multiplicibus

238 1903 390 1936 virtutum
418 1903 588 1936 decoribus
618 1904 865 1945 conspicuorum
898 1909 967 1936 stu-

239 1955 291 1988 dia
316 1959 450 1998 paterna
475 1957 631 1988 charitate
658 1957 909 1998 complectimur,
929 1962 969 1995 et,

239 2019 299 2052 pro
326 2010 398 2042 data
429 2010 521 2042 nobis
546 2009 679 2042 caelitus
705 2015 877 2052 potestate,
904 2020 971 2041 mo-

240 2063 417 2095 nachorum
444 2068 475 2095 et
500 2062 635 2094 aliorum
667 2062 895 2104 religiosorum
930 2062 972 2094 vi-

240 2125 349 2147 rorum
374 2115 645 2157 congregationes
664 2115 822 2147 interdum
841 2115 972 2147 institui-

241 2177 320 2207 mus,
338 2168 429 2207 sicut,
448 2178 674 2210 pcrsonamun,
694 2168 847 2207 locorum,
864 2178 972 2200 rerum

243 2226 275 2253 et
299 2225 479 2263 temporum
505 2220 709 2262 qualitatibus
734 2226 874 2252 maturae
900 2232 974 2253 con-

243 2273 447 2306 siderationis
474 2273 594 2305 trutina
612 2275 793 2316 perpensis,
816 2274 854 2305 ad
873 2274 975 2305 omni-

242 2326 387 2369 potentis
413 2326 468 2358 Dei
495 2326 651 2368 gloriam,
677 2326 715 2357 ad
733 2325 895 2358 Ecclesiae
920 2326 975 2358 Ca-

244 2379 386 2412 tholicae
422 2380 520 2411 decus
549 2385 579 2411 et
602 2379 813 2421 praesidium,
841 2379 880 2411 ad
908 2389 976 2412 mo-

243 2431 386 2464 nasticae
412 2431 632 2474 regularisque
658 2431 847 2474 disciplinae
873 2431 977 2464 incre-

282 2511 291 2536 l
315 2510 525 2537 Constitutiones
546 2510 624 2537 buius
644 2510 862 2545 Congregationis
881 2510 978 2537 contir-

245 2557 350 2581 mantur
371 2556 476 2582 constit.
498 2555 540 2582 ed.
563 2562 720 2590 noetxxxvi,
737 2555 779 2582 die
793 2563 819 2582 vi
838 2555 977 2590 februarii,

246 2598 414 2634 pontificatus
434 2608 458 2628 x.

809 219 1019 245 INNOCENTXUS
1041 221 1069 243 XI
1096 219 1144 243 Pt‘.

1630 208 1689 242 591

1004 274 1146 302 mentum
1160 272 1192 301 et
1209 267 1335 301 felicem
1354 276 1574 311 progressum,
1590 265 1734 309 spiritua-

1004 323 1131 365 lemque
1156 321 1414 354 christifidelium
1433 320 1690 366 aedificationem
1705 325 1736 351 et

1004 375 1185 407 animarum
1210 376 1346 407 salutem
1371 374 1403 406 in
1428 374 1564 407 Domino
1583 372 1735 416 expedire

1004 426 1210 458 arbitramui.

1047 478 1116 519 §l
1151 478 1227 511 Cum
1261 478 1368 522 itaque
1401 479 1503 521 (sieut
1535 477 1736 521 accepimus)

1005 530 1112 562 dilecti
1142 531 1198 563 filii
1232 531 1434 564 Caelestinus
1466 532 1564 564 abbas
1598 530 1735 573 exempti

1005 584 1194 615 monasterii
1219 584 1250 616 8
1272 584 1463 617 Emmeiami
1481 583 1735 622 Ratisbonensis‚

1005 646 1131 668 necnon
1181 637 1367 669 monasterii
1415 637 1736 669 Reiclienbachensis

1004 689 1037 720 in
1072 689 1250 721 Palatinatu
1290 689 1454 732 Superiori
1481 690 1735 728 administrator,

1005 741 1166 774 Romanus
1202 742 1301 773 abbas
1336 743 1524 774 monasterii
1561 742 1737 785 superioris

1004 793 1156 833 Quercus,
1174 795 1268 836 vulgo
1282 794 1521 833 Obernaltaicli,
1532 805 1659 827 necnon
1674 805 1740 826 mo-

1005 847 1136 879 nasterii
1162 846 1431 879 lllielniffeldensis
1452 848 1484 878 in
1505 848 1619 879 eodem
1649 847 1740 878 Pala-

1006 900 1105 932 tinatu
1123 900 1290 943 Superiori
1309 900 1557 939 administrator,
1571 900 1739 942 Dionysius

1006 953 1103 985 abbas
1128 952 1317 985 monasterii
1342 952 1608 994 Pruseningensis
1624 963 1660 984 ae
1676 963 1741 985 mo-

1007 1005 1220 1038 nasteriorum
1251 1004 1471 1037 Endortt‘ensis
1502 1010 1534 1037 et
1571 1005 1740 1037 Weissen-

1009 1059 1105 1091 tensis
1143 1058 1254 1091 itidem
1291 1058 1323 1089 in
1357 1057 1536 1090 Palatinatu
1572 1058 1738 1100 Superiori

1008 1111 1259 1150 administrator,
1275 1111 1451 1153 Gregorius
1469 1111 1567 1143 abbas
1583 1117 1740 1144 monaste-

1008 1166 1045 1197 rii
1071 1165 1176 1198 Cellae
1195 1165 1309 1197 Beatae
1336 1164 1452 1196 Mariae
1477 1164 1615 1206 Virginis
1637 1175 1739 1207 prope

1008 1217 1223 1256 Radsbonarn,
1249 1217 1408 1249 Antonius
1433 1217 1531 1249 abbas
1550 1217 1740 1249 monasterii

1008 1269 1292 1305 Maletstorss‘ensis,
1311 1269 1493 1301 Bernardus
1506 1270 1603 1301 abbas
1618 1280 1742 1302 monas-

1009 1323 1080 1355 terii
1116 1322 1409 1364 Tergernseensis,
1442 1322 1605 1364 Rupertus
1644 1322 1741 1354 abbas

1009 1375 1196 1409 monasterii
1222 1375 1269 1407 Ss.
1297 1374 1422 1406 Martini
1447 1380 1478 1407 et
1498 1375 1610 1407 Aniani
1631 1375 1661 1406 in
1680 1375 1742 1407 lios

1009 1429 1046 1461 ad
1073 1429 1198 1467 OEnum,
1225 1427 1399 1470 Gregorius
1425 1428 1524 1460 abbas
1553 1428 1742 1460 monasterii

1009 1483 1040 1514 in
1059 1482 1216 1520 Sclieurn,
1232 1481 1448 1521 Engclbertus
1462 1481 1560 1512 abbas
1582 1486 1743 1513 monaste-

1010 1535 1046 1566 rii
1074 1535 1104 1566 in
1131 1536 1190 1573 ΑΗ,
1206 1544 1261 1566 seu
1282 1533 1433 1572 Atlensis,
1454 1533 1645 1565 Benedictus,
1665 1533 1743 1565 nue-

1010 1589 1110 1630 dolph
1128 1588 1225 1620 abbas
1243 1586 1431 1619 monasterii
1450 1587 1480 1618 in
1500 1587 1743 1619 Wcinclienste-

1009 1642 1095 1684 plian
1122 1650 1223 1683 prope
1249 1639 1443 1680 Frisingam,
1472 1639 1620 1671 Placidus
1645 1639 1742 1670 abbas

1010 1693 1196 1725 ιιίιιιιιίςὶθιιι
1214 1692 1516 1730 Benedictoburani,
1531 1692 1655 1723 Maurus
1667 1692 1745 1723 [lan-

1010 1747 1117 1779 beclik
1143 1746 1241 1777 abbas
1268 1745 1451 1777 monasterii
1484 1745 1597 1776 Montis
1622 1744 1652 1776 S.
1682 1745 1744 1777 An-

1011 1800 1122 1835 (tecto,
1147 1799 1332 1830 Lconardus
1359 1796 1457 1830 Weitt'
1470 1798 1567 1829 abbas
1586 1803 1745 1829 monaste-

1012 1852 1050 1883 rii
1077 1849 1406 1889 Wesscinbrunensis,
1433 1855 1463 1882 et
1482 1850 1675 1882 Benedictus
1696 1849 1733 1881 ab

1012 1904 1066 1935 bas
1092 1903 1280 1935 [nonasterii
1306 1902 1596 1944 Tlterliauptensis,
1617 1901 1745 1934 Ordinis

1013 1957 1115 1989 sancti
1139 1956 1303 1988 Benedicti
1329 1956 1476 1997 (provide
1502 1956 1746 1997 prudenterque

1013 2008 1257 2041 considerantes
1290 2008 1484 2040 monasteria
1509 2019 1525 2039 a
1551 2017 1582 2039 se
1609 2007 1747 2039 inriccin

1014 2067 1161 2104 separata
1186 2061 1224 2092 de
1250 2060 1414 2103 praesenti
1437 2060 1589 2102 reperiri,
1609 2060 1746 2092 aliorum

1014 2126 1088 2146 vero
1114 2114 1382 2146 monasteriorum
1418 2113 1493 2145 dicti
1519 2112 1648 2145 Ordinis
1672 2123 1748 2145 eon-

1016 2167 1229 2209 gra—cutione&
1257 2172 1287 2199 et
1311 2166 1504 2209 praesertim
1536 2165 1747 2206 Ilclvcticarn‚

1741 218 1788 244 An.
1810 218 1838 245 C.
1857 219 1924 245 ¹084

1769 490 1817 511 mitt.
1817 493 1870 537 ΙιΙΙιιιιι
1882 492 1929 510 vola

1749 524 1770 544 pr
1773 524 1813 537 ιιι
1881 523 1930 536 ,ιιι-

1749 552 1753 565 ι
1760 551 1872 563 ιιιιιιιιιιιι
1876 546 1930 563 asto-

1748 578 1764 592 ιι
1767 577 1834 591 >suun

1016 2219 1206 2253 auctoritate
1225 2219 1399 2261 apostolica
1417 2219 1587 2257 institutas,
1599 2219 1749 2251 monasti-
1774 2230 1776 2232 ·

1016 2284 1071 2304 cae
1103 2271 1293 2314 disciplinae
1325 2271 1462 2314 piaeque
1492 2270 1747 2303 conversationis

1018 2331 1049 2357 et
1073 2325 1232 2357 bonorum
1258 2334 1393 2366 operum
1419 2324 1521 2363 laude,
1541 2334 1576 2355 ac
1595 2322 1748 2366 pacifica¹

1019 2378 1184 2421 felicisque
1210 2377 1357 2419 gubernii
1375 2378 1475 2416 bono,
1498 2387 1625 2409 necnon
1647 2387 1752 2410 sacra-

1019 2442 1087 2464 rum
1114 2432 1225 2473 eisque
1251 2430 1469 2462 ancillantium
1486 2430 1646 2462 bonarum
1673 2430 1751 2462 litte-

1020 2495 1124 2517 rarum
1157 2484 1270 2515 studiis
1312 2483 1427 2515 eximie
1458 2484 1606 2526 llorere),
1640 2483 1751 2516 unioni

1020 2538 1238 2581 praefatorum
1254 2547 1384 2569 suorum
1402 2536 1578 2579 respective
1594 2541 1758 2580 monaste-⁴

1057 2601 1066 2626 1
1091 2599 1183 2626 Potius
1204 2599 1261 2634 lege
1279 2599 1394 2634 pacifici
1412 2600 1451 2633 (ιι.
1468 2599 1516 2633 τ.).
