2111 3157
829 167 926 190 tNoEx
952 166 1056 189 RERUM
1604 155 1666 189 989

184 218 315 253 Ordines
339 218 489 260 religiosi,
515 218 585 251 vide
608 218 744 258 Fratres,
768 218 818 250 vel
841 218 995 258 Monaclii‚
1012 218 1061 250 vel
1085 217 1207 259 Clerici,
1224 217 1272 250 vel
1296 216 1459 258 Canonici,
1480 218 1526 249 vel
1546 218 1712 258 Eremitae,

272 270 321 303 vel
344 270 549 313 sinqulorum
574 264 693 309 titulos,
719 275 778 302 etc.

185 322 358 357 Ottobonus
383 321 548 366 presbyter
569 321 747 361 cardinalis,
771 321 896 354 Ordinis
920 321 951 353 B.
977 321 1014 354 M.
1040 321 1078 354 de
1103 321 1244 354 Mercede
1268 326 1440 365 protector,
1465 320 1528 354 269
1553 332 1581 353 a.

942 436 964 468 P

187 531 325 564 Palutius
349 531 432 564 tituli
457 530 508 564 SS.
534 530 587 563 XII
610 530 836 574 Apostolorum
857 531 1021 574 presbyter
1041 530 1208 563 cardinalis
1228 530 1266 562 de
1283 530 1429 570 Alteriis,
1453 529 1578 563 Ordinis
1602 530 1717 562 eremi-

276 590 380 616 tarum
405 584 434 617 S.
459 583 603 626 Agustini
629 587 800 626 protector,
825 582 889 616 168
914 584 950 623 b3
977 583 1074 626 ipsius
1098 583 1260 615 decretum
1286 582 1422 614 refertur
1446 585 1477 615 et
1500 581 1718 620 confirmatur,

273 636 336 670 169
360 648 381 670 α
406 642 436 669 et
459 637 492 677 b,
517 637 591 669 item
615 635 740 668 Ordinis
765 635 1018 668 praedicatorum
1042 639 1222 678 protector,
1247 633 1311 667 ⁶210
1335 634 1352 666 b
1377 639 1407 666 et
1430 644 1509 677 ηιμ
1541 633 1615 666 item
1649 633 1719 665 Car-

277 690 468 730 melitarum,
495 689 554 722 751
583 700 613 722 α.

190 743 405 776 Parochorum
437 742 507 774 iura
535 742 567 773 in
599 741 732 774 transitu
764 751 820 784 per
853 750 962 773 eorum
994 738 1162 783 parochias
1186 738 1406 772 defunctorum
1431 739 1485 781 qui
1509 738 1547 771 ad
1573 737 1720 770 ecclesias

280 795 475 838 regularium
501 794 702 833 deferuntur,
722 792 764 825 023
788 793 814 825 b.

190 847 358 881 Patrocinii
381 847 413 879 B.
438 847 474 879 M.
500 847 533 878 V.
558 846 682 885 festum,
707 844 770 877 173
795 856 815 878 a
839 850 869 877 et
892 855 952 888 seq.

186 899 356 932 Patronum
382 904 412 931 et
435 903 647 942 protectorem
672 898 893 941 Hispaniarum
917 897 946 929 S.
972 895 1138 939 losephum
1164 905 1216 928 rex
1247 895 1419 929 catholicus
1453 895 1579 936 delegit,
1599 894 1663 928 1170
1688 896 1722 933 b;

275 951 342 984 eius
366 951 477 984 electio
501 951 705 994 approbatur,
730 956 760 983 et
782 954 914 993 patrono
940 949 1040 981 electo
1064 949 1302 991 praerogativae
1331 958 1442 981 ornnes
1473 947 1585 980 ceteris
1610 956 1723 989 regno-

275 1014 346 1036 rum
370 1003 604 1046 protectoribus
622 1008 837 1046 competentes
853 1003 1077 1041 decernuntur,
1094 1002 1153 1035 171
1174 1013 1206 1041 α;
1225 1001 1420 1044 indulgentia
1437 1001 1563 1044 insuper
1584 1001 1725 1044 plenaria

275 1055 400 1100 patroni
424 1056 572 1088 ecclesias
592 1056 624 1088 in
640 1056 706 1088 eius
724 1056 801 1089 festo
821 1056 1019 1088 visitantibus
1038 1054 1264 1095 conceduntur,
1284 1054 1379 1092 2'h2'd.;
1397 1060 1565 1097 patronum
1587 1053 1725 1096 regionis

278 1108 461 1142 Cantabriae
486 1108 515 1140 S.
541 1108 696 1150 Ignatium
721 1108 758 1140 de
783 1108 897 1151 Loyola
917 1108 1063 1146 electum,
1084 1113 1114 1139 et
1133 1117 1150 1139 a
1167 1107 1416 1149 Congregatione
1434 1106 1560 1138 Rittium
1585 1116 1642 1147 per
1664 1106 1721 1138 de-

278 1167 399 1195 cretum
425 1162 645 1205 approbatum,
671 1161 869 1194 confirmavit
894 1161 1044 1200 Pontifex,
1069 1159 1133 1192 428
1159 1160 1186 1192 b.

191 1214 277 1248 Pauli
301 1215 362 1257 (S.)
389 1215 485 1258 primi
510 1214 660 1247 eremitae
684 1213 778 1253 Ordo,
800 1213 840 1246 19
865 1224 901 1253 a,
927 1217 1041 1246 statuta
1064 1211 1217 1254 quaedam
1243 1211 1341 1254 ipsius
1367 1211 1606 1252 confirmantur,
1629 1211 1670 1243 19
1695 1211 1722 1242 b.

189 1267 359 1300 Pensiones
384 1267 466 1299 ultra
491 1266 688 1299 medietatem
715 1265 921 1298 transferendi
945 1265 1122 1297 facultatem
1148 1264 1305 1296 revocavit
1329 1264 1473 1296 Urbanus
1497 1264 1573 1302 Vlll,
1594 1273 1725 1305 eamque

279 1320 511 1353 revocationem
532 1318 731 1352 confirmavit
747 1324 777 1350 et
794 1318 910 1350 clarius
925 1317 1091 1360 explicavit
1110 1317 1310 1350 Innocentius
1335 1317 1383 1355 Xl,
1410 1316 1450 1348 78
1475 1327 1494 1350 a.
1520 1321 1549 1348 et
1573 1326 1633 1359 seq.

191 1372 275 1406 Petri
300 1373 358 1414 (S.)
383 1371 547 1406 Caelestini
573 1371 639 1403 dies
664 1372 769 1410 festus,
794 1370 859 1403 415
883 1371 910 1402 Ι).

192 1423 274 1457 Petri
292 1424 353 1466 (Β.)
370 1424 542 1466 Armengol
564 1423 709 1467 martyris
726 1423 864 1456 officium
884 1424 945 1455 una
969 1432 1039 1455 cum
1066 1423 1160 1455 missa
1185 1423 1243 1455 sub
1261 1422 1323 1455 ritu
1340 1422 1456 1465 duplici
1477 1422 1631 1455 secundae
1649 1422 1726 1454 clas-

282 1477 324 1509 sis
349 1477 476 1509 recitari
501 1476 657 1509 concessit
681 1476 832 1516 Pontifex,
859 1474 922 1507 756
946 1475 972 1507 b.

194 1529 277 1562 Petri
302 1530 360 1572 (S.)
384 1529 423 1562 de
447 1529 530 1562 Urbe
555 1529 747 1572 capitulum,
776 1527 817 1560 82
842 1538 880 1567 ας
912 1527 1010 1570 ipsius
1034 1527 1195 1561 decretum
1221 1528 1393 1571 capitulare
1418 1528 1501 1561 circa
1526 1527 1724 1560 collationem

282 1582 509 1614 beneficiorum
535 1581 677 1613 abbatiae
701 1581 729 1613 S.
756 1581 872 1620 Rufini,
897 1579 939 1612 82
964 1580 998 1619 b,
1024 1580 1240 1619 confirmatur,
1265 1580 1307 1613 83
1331 1591 1361 1613 α.

196 1634 306 1667 Petrus
329 1644 502 1676 regnorum
521 1634 733 1676 Portugalliae
750 1639 779 1666 et
796 1633 1018 1675 Aigai-biorum
1037 1632 1194 1675 princeps,
1212 1633 1231 1665 6
1251 1633 1277 1674 b,
1303 1631 1323 1664 8
1341 1633 1369 1672 b,
1398 1631 1439 1665 13
1463 1643 1492 1672 a,
1519 1632 1558 1665 57
1579 1632 1610 1671 b;
1627 1632 1726 1675 ipsius

283 1686 391 1719 laudes
415 1692 622 1726 enarrantur,
647 1686 738 1725 2‘b2'cl.;
764 1679 860 1719 nofas
885 1686 1032 1718 ecclesias
1057 1685 1252 1719 cathedrales
1269 1685 1347 1727 erigi
1370 1685 1448 1728 petit
1471 1690 1501 1719 et
1525 1689 1622 1725 curat,
1647 1685 1724 1718 ibid.

197 1739 306 1772 Petrus
322 1739 459 1772 Marinus
476 1739 649 1772 Sormanus
666 1749 683 1770 a
698 1739 882 1779 Mediolano,
901 1738 1042 1770 minister
1059 1738 1214 1781 generalis
1231 1738 1355 1771 Ordinis
1371 1738 1399 1771 S.
1418 1738 1594 1777 Francisci,
1612 1736 1676 1769 492
1694 1748 1726 1777 α;

286 1792 349 1825 505
373 1792 400 1833 b,
425 1792 488 1824 517
513 1792 540 1832 b,
565 1790 629 1824 :383
654 1791 669 1824 b
694 1797 724 1823 et
748 1802 822 1834 seq„
847 1790 911 1823 690
935 1791 963 1830 b,
989 1790 1051 1823 713
1076 1801 1105 1823 α.

195 1845 451 1878 praedicatorum
477 1845 571 1877 Ordo.
596 1844 771 1887 Magistros,
796 1844 849 1887 qui
874 1844 1006 1876 nimium
1031 1849 1251 1882 excreverant,
1275 1843 1314 1875 ad
1338 1852 1505 1875 numerum
1531 1843 1561 1875 in
1586 1844 1730 1887 capitulis

284 1898 485 1941 generalibus
511 1897 671 1930 definitum
697 1897 821 1929 reduxit
846 1897 996 1936 Pontifex,
1021 1895 1062 1928 62
1088 1896 1104 1928 b
1128 1901 1158 1928 et
1180 1906 1259 1938 seq.;
1278 1895 1437 1938 magistris
1454 1895 1665 1937 generalibus,
1682 1905 1730 1935 ne,

285 1962 383 1994 supra
399 1961 566 1983 numerum
584 1950 824 1993 praescriptum,
843 1948 1016 1991 magisterii
1035 1947 1168 1990 gradum
1193 1947 1339 1989 cuiquam
1365 1947 1558 1987 conferrent,
1575 1947 1732 1980 interdici-

287 2007 347 2044 tur,
365 2003 407 2036 63
424 2004 454 2043 b;
471 2003 655 2036 eorumdem
675 2002 827 2045 speciales
844 2002 974 2044 gratiae,
987 2000 1174 2044 quibusdam
1191 2000 1340 2032 fratribus
1361 2005 1471 2032 contra
1494 2000 1732 2033 constitutiones

286 2056 411 2090 Ordinis
432 2066 609 2096 concessae,
624 2060 823 2095 revocantur,
840 2055 933 2093 ibid.;
952 2052 1167 2096 superioribus
1185 2052 1393 2094 Portugalliae
1405 2052 1586 2095 provinciae
1602 2052 1732 2085 facultas

287 2108 455 2141 amovendi
479 2119 515 2141 ex
541 2107 747 2141 conventibus
764 2107 930 2149 religiosos
947 2105 1263 2139 conventualitatibus
1283 2105 1431 2145 munitos,
1448 2115 1466 2137 a
1482 2105 1733 2147 Congregatione

287 2161 512 2205 episcoporum
545 2166 574 2193 et
610 2160 803 2202 regularium
837 2159 881 2191 cis
910 2159 1011 2198 facta,
1036 2158 1265 2197 confirmatur,
1298 2156 1338 2189 68
1363 2157 1379 2188 b
1411 2162 1440 2190 et
1471 2167 1554 2200 seq.;
1581 2157 1733 2200 magistro

288 2214 437 2256 generali,
463 2213 510 2246 vel
536 2213 602 2245 eius
626 2212 744 2245 vicario
765 2211 914 2254 generali,
934 2210 1225 2243 confraternitatum
1251 2209 1302 2242 SS.
1320 2209 1442 2242 Rosarii
1466 2209 1568 2242 ubivis
1593 2210 1733 2252 gentium

288 2266 511 2308 erigendarum
538 2265 667 2297 facultas
692 2264 885 2303 conceditur,
909 2263 973 2296 ⁶205
998 2263 1031 2302 (13
1056 2262 1268 2295 ordinationes
1297 2261 1450 2304 quaedam
1483 2262 1589 2295 Ordini
1614 2263 1734 2306 peruti-

288 2319 333 2351 les
350 2319 388 2350 ab
407 2319 475 2362 ipso
493 2317 643 2350 Pontifice
663 2322 832 2357 emanatae‚
850 2316 908 2348 0211
931 2317 965 2355 Ι),
983 2316 1172 2348 innovantur
1188 2321 1218 2347 et
1234 2315 1474 2354 confirmantur,
1491 2314 1555 2347 212
1572 2326 1592 2348 α
1608 2320 1639 2348 et
1651 2326 1734 2358 seq.;

289 2370 404 2403 rectori
429 2370 554 2412 collegii
579 2371 711 2401 fratrum
737 2369 991 2401 Praedicatorum
1010 2368 1040 2399 in
1057 2368 1196 2406 Quitensi
1213 2367 1376 2410 provincia
1393 2367 1508 2409 gradus
1532 2368 1736 2402 scholasticos

290 2423 321 2456 in
344 2423 503 2456 nonnullis
527 2422 701 2465 disciplinis
726 2422 852 2464 publice
875 2420 1068 2460 conferendi,
1093 2420 1193 2453 donec
1216 2420 1259 2452 ibi
1283 2419 1470 2453 universitas
1486 2420 1574 2463 regia
1597 2421 1735 2463 erigere-

289 2481 352 2515 tur,
385 2475 514 2507 facultas
540 2474 740 2513 conceditur,
764 2473 828 2507 393
853 2473 868 2505 b
894 2477 923 2506 et
946 2483 1025 2516 seq.;
1050 2473 1306 2506 universitatibus
1337 2474 1366 2507 S.
1392 2473 1479 2506 Fidei
1511 2479 1541 2506 et
1564 2474 1595 2506 B.
1622 2474 1731 2507 Ferdi·

289 2527 384 2560 nandi
401 2527 525 2560 Ordinis
543 2526 797 2560 Praedicatorum
816 2526 846 2558 in
864 2526 1027 2569 provincia
1046 2526 1186 2565 Quitensi
1204 2526 1418 2560 conceduntur
1434 2526 1599 2570 privilegia
1616 2526 1735 2559 univcr—
