2111 3157
23 179 74 210 An.
94 179 124 208 c.
144 175 208 208 ¹⁶77

34 918 136 939 Fir-nmini·
147 923 191 937 mos

11 948 109 970 antiquus
137 944 191 964 tran·

11 971 136 993 etin-arum,
172 972 192 990 et

11 999 134 1018 feVOthIUI'
149 1002 192 1015 [inl-

10 1024 191 1043 nestmznunuates

11 1049 81 1075 quoad
103 1049 190 1077 abusum

10 1077 105 1095 recenter
127 1076 191 1094 iutro-

10 1103 100 1122 auctum.

212 229 252 262 ab
287 230 396 273 aliquo
440 230 581 264 citeriori
620 236 784 275 tempore,
822 243 940 275 nempe

211 282 296 315 circa
320 282 416 315 finem
437 282 643 326 pontificatus
660 283 832 316 Clementis
848 294 941 326 prae-

211 335 395 367 decessoris
421 335 588 377 praedicti,
614 335 678 367 sive
702 345 760 377 per
783 335 940 368 incuriam

209 386 273 419 sive
291 397 350 429 per
369 387 584 418 inconsultam
603 386 788 419 facilitatem
808 387 939 419 illorum

208 439 426 472 ministrorum
452 438 659 471 muneralium
685 439 801 481 quibus
827 449 862 472 ex
893 440 940 472 of-

208 490 271 523 sicii
304 491 413 523 debito
443 490 583 532 capitula
616 491 765 533 appaltus
799 491 938 524 formare

208 552 243 574 ac
267 542 471 575 indemnitati
488 542 638 574 Gamerae
658 543 842 584 praedictae
862 554 939 576 con-

207 595 314 626 sulere
339 594 554 632 incumbebat,
581 594 727 636 ampliari
745 601 874 638 coeptas
892 597 938 628 l'u-

205 645 269 678 isse
304 646 525 678 immunitates
569 656 626 678 seu
672 647 861 680 sranchitias
897 649 936 680 ad

204 708 255 730 res
280 708 357 741 quas
375 698 451 730 dicti
476 698 614 740 exempti
633 697 664 730 in
688 699 832 731 tabernis
853 710 936 734 mer-

203 750 346 790 catoriis,
368 750 537 793 apothecis
563 755 594 782 et
617 751 832 792 repositoriis,
858 752 933 791 sive,

203 808 239 834 ut
267 803 442 845 vulgariter
477 803 613 841 dicitur,
651 803 734 835 nelli
762 803 933 845 sondaclzi,

203 854 358 897 boueqlze,
385 865 400 887 e
424 855 617 896 mayazzem',
644 862 801 888 emerent.

245 909 260 951 3*
284 907 315 940 2.
341 908 417 940 Cum
441 913 547 939 autem
571 907 768 950 experientia
788 918 935 951 comper-

204 966 269 993 tum
304 961 344 993 sit
367 960 568 997 detrimenta,
600 969 680 1001 quae
714 970 773 1002 per
796 961 933 993 excessi-

203 1024 256 1046 vas
275 1013 491 1045 immunitates
527 1022 582 1044 seu
608 1013 796 1044 tranchitias
824 1014 933 1046 huius-

203 1065 288 1098 modi
306 1065 457 1097 Gamerae
478 1064 661 1107 praedictae
681 1064 874 1105 inseruntur,
895 1077 929 1098 ex

201 1118 384 1150 inconsulta
415 1127 475 1148 nec
505 1117 572 1148 ullo
598 1116 691 1149 titulo
716 1117 843 1150 suffulta
867 1128 932 1150 am-

200 1170 356 1213 pliatione
381 1168 577 1207 huiusmodi,
603 1178 683 1211 quae
709 1170 802 1201 etiam
823 1171 929 1212 legum

201 1227 232 1254 et
255 1221 520 1254 constitutionum
552 1221 800 1263 apostolicarum
826 1222 932 1265 dispo-

199 1273 309 1306 sitioni
333 1273 527 1311 adversatur,
547 1272 642 1304 oriri:
671 1272 746 1305 hine
767 1279 816 1306 est
842 1276 929 1316 quod

199 1336 258 1358 nos
274 1352 282 1365 ,
308 1325 518 1358 incommodis
542 1324 716 1367 praedictis
741 1335 930 1367 occurrere,

198 1389 235 1410 ac
258 1378 361 1410 dictae
387 1377 536 1410 Gamerae
559 1382 590 1409 et
620 1377 816 1419 privatorum
848 1380 929 1411 inte-

199 1440 287 1463 resse
313 1430 509 1468 habentium,
528 1434 625 1471 prout
643 1440 767 1462 summa
786 1431 929 1464 iustitiae

198 1482 435 1525 aequitatisque
453 1482 532 1514 ratio
553 1482 703 1524 postulat,
725 1483 929 1517 indemnitati

199 1535 368 1578 providere
393 1535 566 1578 cupienteS,
589 1546 625 1567 ac
650 1536 793 1568 omnium
820 1544 851 1569 et
867 1538 930 1570 sin-

198 1590 348 1630 gulorum
373 1588 559 1631 appaltuum
591 1589 795 1622 dohanarum
820 1596 851 1623 et
877 1602 931 1633 ga-

198 1641 356 1674 bellarum
374 1640 559 1672 huiusmodi
581 1640 736 1674 hactenus
762 1643 929 1686 sactorum,

199 1694 295 1727 etiam
319 1693 508 1726 auctoritate
532 1694 709 1735 apostolica
726 1694 930 1728 contii-mato-

198 1757 286 1786 rum,
330 1746 685 1788 instrumentorumque
727 1748 929 1789 publicorum

198 1800 341 1843 desuper
364 1799 617 1837 celebratorum,
637 1808 762 1831 necnon
783 1810 929 1842 quarum-

197 1863 333 1897 cumque
357 1851 611 1891 concessionum,
637 1851 878 1886 immunitatum
898 1860 930 1886 et

198 1905 437 1948 exemptionum
462 1914 478 1935 a
504 1903 596 1936 dictis
622 1904 758 1936 dohanis
775 1911 804 1937 et
822 1906 930 1947 gabel-

197 1958 236 1991 lis
261 1957 387 1990 S.R.E.
413 1956 637 1995 cardinalibus,
664 1967 700 1989 ac
724 1958 928 1991 thesaurario

198 2010 353 2054 generali,
378 2009 503 2042 clericis
534 2009 808 2051 praesidentibus,
842 2012 929 2045 aliis·

199 2074 261 2107 que
296 2062 454 2095 ministris
489 2062 702 2094 cameralibus
736 2064 927 2106 praedictis,

199 2127 236 2149 ac
252 2115 322 2149 aliis
344 2114 501 2157 exemptis
517 2114 786 2158 quandocumque
807 2122 838 2149 et
855 2128 929 2161 quo·

198 2167 434 2211 modocu'mque
474 2166 642 2206 saetarum,
682 2167 928 2213 litterarumque

199 2222 453 2264 apostolicarum
486 2224 549 2251 tam
584 2219 643 2251 sub
671 2220 804 2262 plumbo
833 2233 929 2266 quam

198 2273 233 2306 in
257 2273 354 2306 simili
382 2272 483 2305 forma
511 2270 628 2311 Brevis,
647 2272 833 2306 cedularum
862 2286 930 2308 mo-

201 2330 249 2358 tus
273 2324 408 2369 proprii,
427 2329 459 2356 et
479 2323 771 2367 chirographorum
791 2327 929 2361 cuiusvis

199 2378 335 2411 Romani
359 2375 524 2410 Pontifieis
548 2377 810 2419 praedecessoris
830 2382 928 2414 nostri

200 2441 297 2463 manu
322 2429 595 2471 subscriptorum,
627 2439 663 2461 ac
687 2430 820 2464 aliarum
846 2434 931 2466 litte-

199 2492 307 2516 rarum
331 2489 364 2515 et
385 2482 618 2524 scripturarum
645 2488 706 2516 tam
730 2484 931 2527 publicarum

200 2545 295 2580 quam
312 2535 508 2580 privatarum
526 2535 666 2580 desuper
686 2538 932 2581 quomodolibet

790 184 1001 209 INNOCENTII'S
1022 186 1053 211 XI
1078 186 1127 212 PP-

983 241 1212 277 emanatarum,
1237 248 1273 271 ac
1297 238 1417 281 pluries
1443 243 1473 272 et
1496 239 1712 282 quantiscum-

983 297 1045 329 que
1080 289 1202 322 vicibus
1231 291 1491 324 confirmatarum
1517 299 1548 325 et
1579 292 1712 326 innova-

983 344 1098 381 tarum,
1125 347 1255 376 tenores
1271 344 1367 376 etiam
1389 344 1540 384 veriores,
1559 350 1591 377 et
1611 346 1708 385 datas,

981 401 1090 425 causas
1114 400 1146 426 et
1168 396 1365 435 occasiones,
1391 397 1519 440 aliaque
1547 398 1655 430 omnia
1679 406 1711 431 et

981 443 1120 486 singula,
1157 447 1250 480 etiam
1292 448 1442 491 specifica
1477 454 1506 482 et
1545 450 1710 483 individua

981 497 1145 530 mentione
1177 505 1208 531 et
1240 502 1448 542 expressione
1475 502 1592 544 digna,
1616 513 1710 537 urae-

980 549 1122 582 sentibus
1145 561 1205 592 pro
1236 553 1332 594 plene
1363 558 1394 585 et
1426 554 1623 587 sufficienter
1656 565 1710 587 ex·

981 602 1098 642 pressis
1122 613 1157 635 ac
1182 604 1220 636 de
1244 605 1341 637 verbo
1359 606 1397 638 ad
1418 607 1548 640 verbum
1576 608 1707 641 insertis

981 658 1011 684 et
1035 655 1235 689 exactissime
1261 662 1294 690 et
1317 659 1557 692 accuratissime
1582 661 1707 703 specill-

979 705 1056 736 catis
1082 706 1259 748 habentes,
1286 715 1372 741 motu
1397 711 1549 753 proprio,
1576 722 1638 744 non
1668 713 1706 746 ad

979 756 1164 800 cuiusquam
1191 760 1285 793 nobis
1310 772 1409 804 super
1425 763 1488 795 hoc
1506 764 1632 796 oblatae
1651 776 1708 807 pe-

979 808 1099 842 titionis
1124 810 1316 852 instantiam,
1338 815 1391 847 sed
1412 825 1447 847 ex
1469 818 1556 848 certa
1575 817 1708 849 scicntia

978 865 1008 891 et
1031 866 1157 896 matura
1181 865 1415 900 deliberatione
1447 869 1574 908 nostris,
1601 870 1707 912 ‘leque

977 915 1171 955 apostolicae
1210 919 1377 960 potestatis
1420 921 1631 963 plenitudine,
1672 933 1708 955 ac

977 965 1055 997 alias
1080 967 1167 999 omni
1191 969 1318 1002 meliori
1344 972 1452 1012 modo,
1485 974 1542 1011 via,
1575 974 1645 1007 iure
1676 981 1707 1008 et

978 1017 995 1048 t}
1011 1020 1079 1050 rma
1104 1020 1219 1062 quibus
1241 1021 1363 1055 firmius
1388 1030 1420 1056 et
1441 1025 1577 1058 validius
1604 1026 1706 1059 facere

977 1079 1156 1111 possumuS,
1182 1083 1273 1105 usum
1294 1074 1382 1107 illum
1403 1077 1629 1120 antiquiorem,
1651 1080 1705 1122 qui

975 1121 1058 1154 circa
1081 1123 1299 1159 immunitates
1320 1137 1375 1159 seu
1404 1128 1593 1163 franchitias
1618 1141 1707 1173 prae-

975 1175 1132 1209 dictorum
1156 1178 1367 1212 cardinalium
1393 1186 1424 1213 et
1441 1182 1632 1216 thesaurarii
1651 1195 1707 1226 ge-

975 1229 1100 1269 noratis,
1126 1230 1317 1263 clericorum
1343 1234 1608 1274 praesidentium,
1625 1237 1706 1270 alio—

974 1291 1110 1324 rumque
1145 1283 1369 1317 ministrorum
1406 1288 1629 1328 cameralium,
1671 1301 1706 1322 ac

974 1334 1109 1366 aliorum
1134 1341 1365 1377 exemptorum,
1384 1339 1443 1370 sub
1464 1340 1706 1381 pontificatibus

975 1392 1227 1421 memoratorum
1255 1388 1341 1421 Pauli
1355 1390 1401 1429 III,
1418 1391 1486 1423 Iulii
1501 1392 1547 1431 III,
1564 1393 1650 1426 Pauli
1669 1394 1704 1426 IV

975 1441 1018 1473 Pii
1044 1441 1089 1479 IV,
1115 1440 1259 1483 Gregorii
1286 1442 1360 1481 XIII,
1392 1443 1469 1477 Sixti
1496 1446 1528 1484 V,
1560 1446 1706 1480 Clemen-

975 1494 1013 1526 tis
1037 1494 1099 1526 VIII
1125 1494 1422 1536 praedecessorum,
1453 1503 1487 1530 ut
1511 1500 1704 1541 praefertur,

973 1546 1168 1585 servabatur,
1194 1552 1304 1580 tenore
1329 1550 1547 1591 praesentium
1572 1552 1706 1585 innova·

975 1609 1044 1630 mus
1069 1604 1100 1630 et
1124 1598 1318 1638 reducimus,
1346 1611 1382 1633 ac
1406 1603 1571 1645 perpetuis
1590 1605 1704 1638 suturis

975 1651 1176 1693 temporibus
1200 1651 1434 1686 inviolabiliter
1464 1655 1627 1689 observari
1652 1659 1707 1691 dc-

975 1704 1051 1735 bere
1076 1703 1266 1745 statuimus,
1293 1705 1497 1739 decernimus
1522 1714 1554 1741 et
1577 1710 1707 1742 ordina·

974 1766 1055 1787 mus.
1082 1755 1299 1789 Inconsultam
1324 1768 1413 1798 vero,
1439 1770 1498 1792 nec
1521 1762 1588 1794 ullo
1613 1762 1705 1796 titulo

973 1808 1132 1841 suffultam
1151 1809 1396 1851 ampliationem
1415 1817 1448 1844 et
1463 1812 1706 1849 innovationem

973 1862 1183 1904 praedictam,
1210 1873 1305 1904 quam
1337 1865 1466 1907 quidem
1499 1868 1559 1900 sub
1585 1869 1707 1901 consti-

973 1914 1150 1947 tutionibus
1183 1917 1424 1959 exemptionum
1450 1925 1482 1951 et
1518 1920 1706 1955 franchitia-

974 1977 1043 1999 rum
1068 1968 1279 2000 revocatoriis
1304 1969 1417 2003 similis
1434 1973 1611 2007 memoriae
1630 1974 1708 2007 Pau·

974 2019 992 2052 l·i
1018 2019 1061 2057 V,
1090 2019 1207 2052 Urbani
1239 2020 1322 2060 VIII,
1356 2022 1534 2057 Innocentii
1560 2026 1607 2066 X,
1632 2028 1706 2060 Ale-

973 2072 1084 2104 xandri
1102 2072 1174 2111 VIII,
1196 2072 1371 2106 Clementis
1392 2075 1428 2107 IX
1447 2077 1663 2112 etClementis
1681 2080 1705 2112 X

974 2125 1191 2157 Romanorum
1205 2124 1395 2158 Pontificum
1413 2129 1705 2169 praedecessorum

973 2176 1094 2219 pariter
1109 2182 1305 2217 nostrorum,
1322 2188 1357 2210 ac
1372 2179 1466 2212 etiam
1483 2185 1602 2220 nostra,
1623 2193 1706 2217 com-

973 2230 1165 2271 prehensam
1198 2240 1270 2262 esse
1296 2232 1464 2273 praetendi
1497 2241 1627 2276 posset,
1656 2237 1707 2270 iti-

973 2282 1045 2314 dem
1071 2287 1228 2325 perpetuo
1253 2293 1425 2324 cassamus,
1450 2285 1623 2328 irritamus,
1652 2291 1707 2323 tol-

974 2334 1076 2374 limus,
1101 2334 1303 2377 perimimus,
1334 2337 1541 2372 annullamus
1573 2346 1604 2373 et
1628 2342 1706 2375 abo-

975 2387 1085 2427 temus,
1106 2387 1293 2430 viribusque
1319 2393 1351 2420 et
1374 2389 1489 2422 ell'ectu
1521 2393 1651 2435 penitus
1674 2400 1708 2427 et

974 2438 1107 2471 omnino
1131 2450 1324 2480 vacuamus;
1350 2442 1469 2475 adeout
1493 2444 1706 2488 imposterum

975 2500 1086 2522 omnes
1110 2492 1246 2533 praefati
1278 2498 1310 2525 et
1333 2493 1528 2538 quicumque
1561 2498 1614 2530 alii
1647 2499 1706 2531 im-

975 2553 1089 2576 munes
1113 2548 1146 2576 et
1169 2545 1320 2589 exempti,
1359 2546 1454 2580 etiam
1489 2550 1599 2592 quavis
1631 2554 1707 2586 nota

1633 178 1676 216 553
1721 192 1774 220 An.
1791 191 1818 219 c.
1838 190 1904 221 t677
