2111 3157
198 226 247 253 Αη.
265 225 293 254 C.
316 225 385 255 ¹680
429 219 493 253 302

388 277 421 311 in
441 278 558 312 eodem
582 277 725 311 resident
741 275 950 316 monasterio,
969 281 1001 308 et
1018 286 1125 308 coram

389 333 435 365 eis
454 333 576 365 electus
602 330 790 374 praesidens
809 329 1047 373 pronuncietur
1067 339 1127 372 per

389 386 605 428 antiquiorem
623 395 658 417 ex
678 382 914 422 definitoribus,
932 383 983 426 qui
1003 384 1125 416 electus

390 439 544 472 continuo
577 438 744 481 postulet,
775 441 897 469 attento
932 446 1032 469 onere
1065 435 1125 468 sibi

390 492 563 535 imposito,
583 501 642 534 pro
667 500 699 523 se
726 491 764 522 ab
790 489 939 523 omnibus
964 489 1069 529 orari,
1095 494 1124 522 et

391 554 503 577 omnes
521 543 700 575 successive
718 547 825 586 patres
842 542 999 575 hahentes
1017 553 1127 575 vocem

394 597 425 629 in
452 596 593 639 capitulo
619 595 657 628 ad
682 595 770 639 pacis
801 596 946 628 osculum
979 595 1124 638 recipiat.

437 660 479 682 η.
508 649 628 687 Quibus
647 649 795 692 peractis,
811 648 836 681 is
855 648 908 692 qui
930 648 1025 681 suerit
1042 658 1129 691 prae-

395 702 504 734 sidens
521 701 663 744 capituli,
681 703 730 734 vel
745 701 909 745 antiquior
925 701 1082 740 definitor,
1102 700 1127 733 si

396 755 466 798 ipse
503 755 695 797 praesidens
731 755 860 798 capituli
895 755 1015 788 electus
1048 759 1129 787 esset

396 808 429 840 in
454 808 696 850 praesidentem
721 807 908 851 regiminis,
931 807 1064 851 incipiat
1092 807 1131 839 Te

396 861 499 894 Deum
533 861 732 901 Iaudanms,
768 866 799 894 et
831 861 992 894 cantando
1018 870 1131 893 omnes

397 914 682 958 processionaliter
707 914 744 947 ad
771 914 943 947 ecclesiam
969 913 1134 949 accedant,

398 967 605 1010 praesidente
641 967 810 1010 regiminis
842 966 874 999 in
900 966 1037 1009 digniori
1063 967 1133 999 loco

398 1020 486 1063 ipsos
513 1020 694 1053 comitante.

443 1084 499 1106 vii.
525 1073 602 1105 Cum
639 1083 714 1106 vero
750 1075 938 1115 perventum
975 1072 1072 1105 fuerit
1096 1072 1134 1104 ad

401 1125 550 1166 eliorum,
566 1125 649 1157 idem
669 1125 860 1168 praesidens
881 1124 1047 1167 regiminis
1063 1135 1134 1157 cum

402 1178 458 1210 illo
485 1178 539 1220 qui
566 1178 625 1210 suit
650 1177 850 1221 praesidens,
872 1178 920 1210 vel
953 1188 1022 1209 cuin
1055 1178 1136 1209 anti-

403 1231 515 1273 quiore
554 1230 784 1270 definitorum,
823 1231 847 1262 si
880 1230 936 1263 ille
974 1235 1007 1262 ut
1042 1241 1138 1274 snpra

403 1284 504 1316 sactus
518 1283 806 1326 essetpraesidcns
827 1283 1008 1324 regiminis,
1028 1288 1057 1315 et
1076 1283 1138 1315 alio

405 1347 441 1370 ex
467 1336 706 1379 antiquioribus
739 1335 964 1368 definitoribus
996 1341 1070 1368 ante
1096 1336 1140 1368 al-

405 1396 472 1422 tare
499 1400 530 1421 se
563 1393 773 1432 prosternat,
799 1394 830 1421 et
854 1388 945 1421 finito
974 1389 1013 1421 Te
1037 1388 1138 1420 Deum

406 1442 589 1480 laudamus,
616 1441 652 1479 is,
680 1441 734 1484 qui
760 1441 820 1473 suit
844 1441 1031 1484 praesidens
1056 1441 1142 1483 capi-

406 1495 464 1527 tuli
490 1495 539 1527 vel
566 1494 737 1537 antiquior,
761 1493 862 1526 dicat:
887 1494 917 1534 >⁹-
939 1493 1074 1526 Satvum
1093 1494 1143 1535 fac

406 1557 533 1579 servum
559 1550 668 1586 taum,
696 1551 728 1588 ΒΚ
746 1546 831 1579 Dens
851 1556 939 1578 meus
963 1550 1141 1588 sperantem

408 1601 441 1632 in
471 1604 509 1638 te,
535 1600 566 1640 ᾦ.
588 1599 679 1631 Mine
702 1600 740 1639 ei,
762 1599 906 1637 Domine,
925 1598 1088 1630 azzoeilz'nm
1108 1598 1145 1630 cle

408 1653 536 1691 smero,
556 1657 586 1694 θ’.
604 1653 642 1685 Et
663 1652 700 1684 de
723 1652 802 1685 Sion
828 1656 912 1684 tuere
936 1662 1015 1684 eum.
1036 1652 1067 1692 Χ.
1085 1652 1145 1685 Do-

407 1707 519 1739 minus
543 1706 716 1738 vobiscum.
736 1710 767 1748 nl.
784 1706 822 1738 ΕΙ
841 1716 913 1738 cum
939 1705 1065 1748 Spiritu
1084 1710 1146 1738 luo.

714 1767 849 1791 OREML'S.

455 1812 661 1855 Omnipotens
684 1812 900 1854 sempiternus
924 1810 1017 1849 Dens,
1032 1811 1089 1854 qui
1104 1811 1150 1853 fa-

410 1865 456 1898 cis
481 1865 648 1897 mirabilia
666 1875 785 1907 maynn
802 1864 898 1903 solus,
919 1864 1073 1906 protende
1096 1874 1149 1895 su-

409 1929 468 1962 per
494 1919 579 1950 hune
603 1917 762 1960 fanuclam
799 1921 889 1949 tuum
912 1916 1146 1959 praesidentem

411 1975 578 2011 nostrum,
603 1975 631 2003 et
662 1980 759 2013 super
790 1970 1071 2012 Congreyationem
1096 1969 1150 2001 itti

413 2024 626 2062 commissam,
652 2024 805 2066 spiritum
830 2022 957 2065 qratiae
979 2021 1147 2062 salutaris,

413 2082 453 2117 et,
476 2081 512 2109 ut
537 2078 571 2109 in
589 2077 722 2108 veritat-0
740 2076 796 2108 titi
814 2075 1016 2118 complaceat,
1039 2085 1150 2118 perpe·
1176 2077 1178 2079 ’

416 2135 507 2164 tuum
537 2130 567 2163 ei
598 2139 702 2162 rorem
734 2133 807 2161 tuae
840 2127 1070 2161 benedictionis
1095 2128 1148 2160 in-

414 2184 524 2228 funde.

461 2237 615 2277 Porriqe,
649 2235 811 2275 Domine,
851 2234 927 2267 hnic
950 2234 1075 2276 scmmlo
1100 2238 1152 2266 tuo

415 2289 616 2333 praesidenti
646 2292 755 2321 nostro
789 2287 953 2320 dexteram
986 2291 1074 2319 tuam
1098 2297 1154 2329 per

420 2343 677 2375 intercessionem
712 2338 819 2373 beatae
843 2344 871 2372 et
895 2340 1054 2382 9loriosne
1077 2350 1155 2371 sem-

417 2405 536 2439 perque
565 2394 710 2437 Viryim's
735 2394 793 2426 Dei
819 2393 993 2427 Genitricis
1016 2392 1151 2432 Mariae,

419 2453 447 2480 et
471 2447 639 2479 aumatium
675 2447 704 2478 ei
736 2456 893 2489 supernae
928 2445 1059 2477 virtutis
1095 2445 1156 2476 im-

417 2499 529 2544 pende.

464 2552 652 2586 Intercessio
676 2562 744 2591 nos,
771 2561 979 2594 quaesumus,
1006 2551 1152 2589 Domine,

981 227 1033 252 nri
1044 227 1159 251 univit
1183 227 1331 252 nonaum!

1169 279 1222 315 ut,
1249 275 1333 319 quod
1358 276 1477 309 nostris
1503 276 1626 309 meritis
1652 286 1715 310 non
1739 276 1902 317 volemus,

1171 329 1239 360 eius
1262 329 1446 372 patrocinio
1471 339 1693 372 assequamur.
1721 331 1786 363 Per
1812 329 1907 364 Chri-

1169 385 1255 414 stum
1280 382 1457 415 Dominum
1479 387 1636 415 nostrum.
1663 383 1778 416 Amen.

1213 445 1283 469 v111.
1310 435 1342 468 Si
1367 446 1443 468 vero
1469 436 1645 478 contigerit
1668 437 1807 469 electum
1833 436 1909 470 huic

1172 488 1330 521 functioni
1355 499 1418 521 non
1444 488 1623 528 interesse,
1649 489 1718 522 eius
1743 490 1851 523 locum
1877 494 1910 523 et

1172 542 1275 574 vicem
1301 547 1410 575 teneat
1434 542 1599 586 antiquior
1623 542 1847 583 definitorum,
1866 548 1908 583 et,

1171 595 1290 628 omisso
1315 596 1427 628 osculo
1452 596 1548 638 pacis,
1570 600 1718 629 cantetur
1742 596 1782 628 Te
1806 595 1909 629 Deum

1173 647 1344 681 laudamus
1369 659 1440 681 cum
1466 649 1498 689 pt.
1525 654 1557 681 et
1580 648 1793 682 orationibus.

1217 712 1239 735 1.
1266 700 1345 739 Quia
1380 702 1577 745 experientia
1612 702 1765 744 magistra
1797 700 1913 734 didici-

1176 807 1380 839 monasteriis
1413 807 1444 839 in
1478 807 1703 850 spirirualibus
1728 812 1760 840 et
1785 812 1910 850 tempo-

1177 860 1297 893 ralibus
1322 870 1394 893 esse
1423 860 1607 893 damnosam
1623 886 1630 900 ,
1654 859 1776 893 idcirco
1800 870 1912 893 mone-

1179 923 1247 945 mus
1273 917 1309 945 ut
1340 912 1373 945 in
1397 913 1557 946 electione
1583 923 1640 946 seu
1674 914 1757 946 nova
1786 912 1914 945 institu-

1180 966 1265 998 tione
1280 966 1497 1008 praelatorum
1515 965 1704 998 huiusmodi
1721 965 1834 998 crebra
1849 976 1915 998 mu-

1181 1019 1258 1052 tatio
1282 1018 1410 1059 vitetur,
1435 1024 1473 1059 et,
1500 1024 1654 1062 quantum
1679 1018 1747 1052 [ieri
1772 1019 1912 1062 poterit,

1182 1082 1247 1104 non
1272 1076 1437 1104 mutentur
1460 1071 1610 1114 praelati,
1632 1071 1693 1104 nisi
1712 1071 1823 1114 elapso
1841 1081 1914 1104 sex-

1182 1124 1289 1163 ennio,
1311 1129 1538 1167 praeterquam
1568 1125 1609 1157 ob
1633 1123 1860 1157 rationabilem
1886 1128 1918 1156 et

1183 1177 1361 1219 legitimam
1375 1187 1515 1209 eausam.
1532 1177 1621 1210 Ultra
1638 1177 1827 1210 sexennium
1840 1186 1916 1210 vero

1183 1241 1248 1262 non
1272 1230 1415 1273 possint,
1442 1230 1538 1263 etiam
1568 1235 1736 1273 praetextu
1760 1229 1918 1273 simplicis

1184 1282 1481 1323 administrationis,
1497 1283 1558 1315 nisi
1583 1283 1656 1316 talis
1682 1282 1919 1315 administratio

1186 1336 1281 1369 suerit
1299 1346 1357 1379 per
1380 1337 1480 1369 breve
1498 1336 1638 1379 spatium
1657 1335 1825 1378 temporis,
1842 1340 1920 1378 puta

1186 1394 1325 1432 quatuor
1344 1389 1392 1421 vel
1410 1399 1462 1421 sex
1478 1388 1633 1421 mensium
1648 1388 1687 1421 ad
1701 1398 1870 1428 summum,
1887 1387 1921 1420 in

1186 1441 1344 1484 regimine
1363 1441 1506 1474 eiusdem
1528 1440 1718 1473 monasterii
1738 1441 1805 1474 ullo
1821 1441 1920 1474 modo

1189 1504 1389 1537 permanere,
1406 1503 1466 1526 nec
1490 1493 1530 1526 ad
1555 1493 1635 1526 illud
1659 1493 1837 1536 regendum
1860 1493 1922 1526 ite-

1190 1558 1258 1580 rum
1283 1547 1416 1587 assumi,
1437 1546 1497 1579 nisi
1519 1546 1653 1579 totidem
1676 1546 1769 1579 annis
1792 1556 1922 1579 vacave-

1191 1600 1263 1640 rint,
1278 1605 1355 1643 quot
1371 1599 1417 1632 illi
1435 1600 1658 1642 praefuerunt.
1674 1599 1764 1638 Quod
1782 1599 1868 1633 idem
1883 1599 1922 1632 de

1191 1653 1404 1693 thesaurario,
1432 1658 1641 1696 procuratore
1666 1653 1823 1696 generali,
1848 1660 1924 1686 can-

1191 1706 1331 1746 cellario,
1347 1706 1495 1749 capsario
1509 1705 1781 1748 Congregationis,
1797 1705 1924 1739 coadiu-

1194 1765 1263 1793 tore
1287 1759 1509 1802 procuratoris
1526 1759 1559 1792 in
1577 1759 1676 1799 curia,
1696 1764 1728 1792 et
1746 1759 1869 1803 pariter
1885 1760 1925 1793 de

1192 1812 1369 1855 prioribus,
1391 1811 1551 1854 magistris
1573 1811 1789 1851 novitiorum,
1811 1816 1844 1845 et
1864 1812 1925 1845 cel-

1193 1864 1317 1897 lerariis
1342 1864 1548 1897 decernimus
1564 1863 1797 1897 inviolabiliter
1816 1864 1925 1897 obser-

1192 1918 1266 1956 vari,
1287 1917 1374 1949 iuxta
1400 1917 1536 1949 formam
1556 1916 1667 1950 Brevis
1685 1917 1859 1950 Alexandri
1875 1916 1926 1950 Vll

1194 1975 1225 2003 et
1248 1969 1422 2003 Clementis
1446 1969 1483 2001 X.

1237 2033 1272 2055 11.
1299 2021 1403 2055 Ceteri
1426 2031 1556 2064 quoque
1571 2020 1723 2054 officiales
1740 2032 1758 2054 a
1774 2022 1928 2068 praelatis

1194 2075 1467 2108 monasteriorum
1490 2074 1528 2106 ad
1554 2073 1718 2113 rectorias,
1741 2074 1927 2116 vicariatus,

1194 2128 1461 2172 procurationes,
1485 2128 1536 2160 vel
1561 2127 1598 2159 ad
1631 2127 1809 2170 quamlibet
1832 2128 1929 2161 aliam

1196 2180 1528 2219 administrationem,
1549 2184 1602 2213 aut
1627 2179 1816 2213 exercitium
1839 2179 1931 2214 iuris-

1196 2233 1346 2266 dictionis
1372 2232 1550 2276 spiritualis
1580 2237 1635 2265 aut
1666 2232 1855 2274 temporalis
1884 2232 1931 2264 in-

1197 2293 1245 2318 tus
1271 2291 1302 2318 et
1322 2291 1412 2318 extra
1436 2284 1670 2318 monasterium
1688 2285 1844 2327 deputati,
1866 2285 1932 2318 ela-

1197 2350 1255 2383 pso
1270 2338 1435 2379 sexennio,
1449 2349 1465 2370 a
1480 2336 1654 2381 praedictis
1672 2337 1785 2370 officiis
1800 2337 1931 2371 omnino

1198 2396 1437 2425 removeantur.

1243 2455 1290 2478 111.
1318 2444 1355 2477 Et
1380 2443 1455 2488 quia
1480 2448 1626 2486 tempore
1651 2441 1782 2486 capituli
1808 2443 1934 2486 praela-

1199 2498 1305 2530 tiones
1329 2502 1361 2530 et
1392 2496 1565 2540 dignitates
1591 2506 1702 2529 omnes
1728 2495 1760 2528 in
1792 2496 1933 2538 Congre-

1200 2551 1328 2592 gatione
1353 2552 1461 2583 nostra
1492 2559 1602 2582 vacare
1634 2548 1869 2590 intelliguntur,
1899 2553 1935 2581 ut

421 2607 460 2642 B.
479 2606 586 2651 patris
605 2604 773 2638 Benedicti
798 2604 922 2637 abbatis
946 2603 1152 2645 commendet,
1199 2603 1319 2636 eisdem
1334 2603 1380 2634 sic
1396 2612 1455 2647 per
1479 2600 1716 2635 absolutionem
1740 2600 1773 2633 in
1794 2599 1934 2645 capitulo

1909 225 1958 255 An.
1973 225 2003 255 c.
2026 226 2097 259 1650

1949 708 2018 730 cim
2034 709 2088 730 XXI.

1947 735 1979 756 Da
2001 735 2100 761 praelato

1174 764 1244 787 mus
1275 755 1495 797 praelatorum
1525 755 1674 788 crebram
1697 754 1909 787 mutationem
1921 766 1967 783 rum
1982 761 2103 784 electione·
