2111 3157
178 214 228 242 An.
250 214 279 241 c.
298 213 366 242 ¹686
412 205 476 240 694

372 264 556 297 etot-itatem
588 273 654 297 non
679 262 878 306 respiciunt,
908 272 1038 305 semper
1065 267 1109 293 te-

372 322 521 355 neantur,
542 316 602 348 sub
628 327 689 359 qua
714 316 746 348 in
771 315 899 348 statutis
924 314 1107 357 praedictis,

373 380 390 402 a
415 369 590 402 Sanctitate
609 369 644 401 D.
661 369 712 409 N.,
732 369 881 412 praefata
894 368 944 401 die
962 378 1005 400 vu
1020 368 1107 407 maii,

373 422 580 466 approbatis,
608 422 676 464 regi
713 433 749 455 ac
778 421 951 464 gubernari
977 420 1107 464 praeci-

373 475 493 518 pimus.
527 475 684 508 Praedicti
723 481 829 508 autem
863 479 1038 507 conventus
1070 474 1108 505 ad

372 534 435 561 tam
461 528 659 561 laudabilem
682 528 777 561 linem
796 527 981 561 destinandi
999 526 1038 559 de
1057 537 1110 558 nu-

372 591 463 614 mero
486 582 734 614 recollectorum
761 591 830 613 esse
855 580 980 623 possint
1005 585 1035 612 et
1058 579 1111 612 de-

373 633 480 674 beant,
501 633 527 666 si
546 634 651 677 aliqua
677 633 896 667 ineluctabilis
918 632 1000 665 ratio
1025 632 1109 664 aliud

372 697 435 719 non
462 687 615 727 suadeat,
643 687 728 729 quod
766 686 884 719 iudicio
916 692 945 718 et
978 684 1110 718 arbitrio

372 740 576 783 superiorum
594 741 795 783 generalium
812 739 938 772 illarum
956 737 1108 780 partium,

372 793 427 837 qui
453 793 492 825 de
518 793 680 836 praesenti
706 797 790 832 sunt,
821 797 852 825 ct
877 802 936 835 pro
964 796 1110 833 tempore

372 846 500 885 suerint,
525 846 727 879 committere
760 845 955 885 censuimus,
977 843 1110 883 eisdem,

373 899 433 932 sub
451 898 482 931 S.
510 899 544 931 P.
571 898 607 930 N.
635 898 794 931 Francisci
820 896 1056 940 indignatione,
1080 900 1112 928 et

373 952 488 996 poenis
515 952 554 985 ab
588 951 845 984 eminentissimo
870 955 1053 993 protectore
1082 953 1113 981 et

374 1006 442 1039 eius
468 1005 709 1038 successoribus
734 1014 794 1047 pro
820 1014 879 1037 suo
905 1002 1038 1036 arbitrio
1067 1001 1112 1034 in-

373 1058 532 1101 ssigendis,
549 1059 641 1090 simul
656 1057 905 1101 praecipientes,
920 1061 966 1096 ut,⁸
983 1055 1111 1098 quando

373 1123 391 1144 a
417 1118 445 1144 te
476 1112 525 1144 vel
551 1111 590 1143 ab
616 1121 655 1143 eo
681 1110 744 1142 alio
780 1109 934 1152 religioso
961 1120 978 1141 a
1003 1114 1033 1140 te
1059 1108 1113 1140 de-

373 1164 490 1197 stinato
514 1163 662 1207 requisiti
689 1162 829 1201 suerint,
854 1167 1046 1195 conventum
1073 1160 1112 1192 ad

374 1217 490 1249 dictam
516 1216 796 1249 missionariorum
831 1214 1054 1247 educationem
1080 1214 1112 1245 in

374 1270 521 1313 qualibet
556 1269 722 1312 provincia
759 1268 944 1310 assignent,
971 1272 1003 1299 et
1030 1268 1113 1299 ultra

374 1329 514 1367 quatuor
538 1332 680 1362 menses,
697 1332 714 1354 a
732 1322 783 1354 die
809 1319 1035 1364 requisitionis
1055 1330 1114 1351 nu-

373 1376 558 1415 merandos,
576 1375 693 1407 dictam
719 1374 970 1416 assignationem
989 1379 1114 1416 protra-

374 1429 454 1463 here
489 1439 545 1461 seu
577 1427 775 1470 suspendere
808 1436 871 1459 non
908 1431 1116 1469 praesumant

374 1492 436 1515 nec
460 1482 618 1521 audeant·,
639 1486 671 1513 et
695 1480 720 1512 si
746 1490 839 1512 secus
866 1479 1010 1517 fecerint,
1028 1478 1114 1510 illius

375 1535 407 1568 S.
436 1535 469 1568 Ρ.
496 1534 532 1567 N.
560 1533 722 1567 Francisci
749 1533 931 1566 sententiae
957 1541 1115 1564 memores

375 1588 448 1629 sint,
467 1588 499 1620 in
525 1589 588 1631 qua
612 1597 690 1620 suae
713 1591 744 1619 et
769 1586 867 1619 totius
892 1585 1040 1618 caelestis
1062 1595 1116 1616 cu-

375 1641 444 1674 riae
461 1639 699 1673 maledictionis
720 1649 858 1682 poenam
880 1638 945 1670 illis
965 1637 1114 1680 imponit,

376 1694 430 1738 qui
456 1694 656 1728 confundunt
681 1704 716 1725 ac
742 1693 922 1730 destruunt,
951 1691 1036 1734 quod
1066 1691 1117 1723 Al-

376 1748 519 1782 tissimus
543 1758 601 1791 per
626 1752 753 1780 sanctos
780 1747 894 1778 fratres
913 1745 1007 1777 liuius
1025 1744 1117 1777 Ordi-

376 1802 427 1835 nis
451 1801 631 1835 aedificavit
656 1806 687 1833 et
711 1799 883 1833 aedificare
909 1809 973 1831 non
1000 1804 1114 1831 cessat.

377 1854 420 1889 Te
441 1861 547 1888 autem
562 1854 593 1887 in
610 1853 748 1886 Domino
768 1853 987 1891 exhortamur,
1007 1858 1041 1883 ut
1059 1862 1118 1894 per

377 1912 409 1941 te
434 1908 558 1951 ipsum,
587 1906 732 1949 aliosque
758 1905 797 1937 ad
823 1905 854 1937 id
881 1905 1017 1937 idoneos
1043 1903 1117 1935 mis-

378 1960 551 2000 sionarios,
578 1970 634 1992 seu
661 1959 782 2002 probos
800 1968 835 1990 ac
860 1957 1031 1989 sanctitate
1050 1967 1116 1988 mo-

378 2024 449 2047 rum
485 2015 648 2057 pollentes
684 2012 869 2053 religiosos,
895 2022 912 2043 a
943 2016 972 2043 te
1009 2009 1117 2042 sobrie

379 2067 557 2110 eligendos,
576 2065 729 2108 praetatis
755 2064 985 2102 erectionibus,
1002 2068 1066 2095 tarn
1085 2063 1116 2094 in

378 2119 554 2163 Hispaniae
580 2128 674 2161 (quam
693 2117 852 2149 indiarum
880 2115 1023 2147 omnium
1049 2115 1116 2157 regi

379 2172 540 2205 anthotico
566 2170 782 2203 subiectarum
800 2168 948 2211 partibus
967 2168 1119 2200 ardenter

379 2225 537 2267 invigiles,
560 2224 753 2258 illarumuue
779 2220 973 2260 executioni,
990 2230 1119 2263 promo-

379 2277 460 2310 tioni
480 2282 511 2309 et
527 2276 747 2309 stabilimento
765 2274 879 2306 sedulo
904 2283 1005 2310 vaces,
1024 2278 1117 2314 atque

378 2330 446 2363 Deo
465 2335 497 2363 et
514 2329 625 2362 Ordini
651 2334 762 2361 nostro
781 2328 812 2360 in
831 2337 929 2370 opere
955 2326 1034 2358 adeo
1051 2336 1119 2358 sau-

369 2374 431 2415 ¹et0
448 2383 603 2416 inservire
630 2392 793 2424 nunquam
819 2390 939 2413 cesses.
967 2379 1013 2411 Ad
1031 2379 1117 2421 quod

380 2440 412 2469 te
437 2442 469 2469 et
492 2436 596 2469 socios
623 2441 711 2473 tuos,
738 2445 773 2467 ac
799 2444 910 2466 omnes
940 2433 1019 2464 alios
1046 2432 1119 2463 reli-

380 2489 489 2531 giosos
509 2500 526 2521 a
552 2494 582 2522 tc
607 2487 829 2526 destinandos,
853 2486 905 2529 qui
931 2485 1119 2528 praelibatis

381 2542 601 2575 erectionibus
627 2552 757 2583 operam
794 2546 910 2583 sponte
943 2538 1116 2576 dederint,

379 2595 604 2641 superioribus
628 2593 833 2637 generalibus
860 2598 891 2626 ct
915 2591 1119 2637 particulari-

954 213 1034 237 nuLL
1042 213 1134 237 tumlti
1159 213 1312 238 nemum!

1151 261 1210 293 bus
1231 261 1358 294 illarum
1376 260 1624 304 provinciarum,
1639 261 1670 293 in
1689 261 1805 305 quibus
1821 271 1889 294 me-

1151 319 1295 346 moratae
1320 313 1501 346 erectiones
1520 314 1686 346 faciendae
1701 314 1772 354 sint,
1794 314 1897 350 enixe,

1150 367 1439 406 commendamus,
1471 367 1721 410 earumdemque
1758 367 1889 409 provin-

1151 420 1271 452 ciarum
1298 429 1503 458 consensum,
1528 424 1688 462 quatenus
1715 429 1795 462 opus
1820 419 1884 459 sit,

1151 470 1293 513 vestigiis
1313 472 1417 504 nostri
1438 471 1695 513 praedecessoris
1713 471 1889 503 inhaeren-

1151 529 1208 562 tes,
1227 524 1281 566 qui
1307 523 1394 556 illam
1421 534 1478 566 pro
1503 523 1719 556 erectionibus
1743 529 1888 567 tempore

1152 576 1199 608 sui
1227 577 1433 618 generalatus
1458 576 1549 608 sactis
1573 581 1605 608 et
1629 576 1792 619 dispositis
1816 586 1890 619 sup-

1152 629 1252 672 plevit
1268 656 1275 669 ,
1301 639 1359 672 per
1391 634 1582 672 praesentes
1606 639 1665 671 pro
1691 639 1777 661 nunc
1800 633 1832 661 et
1855 629 1889 661 in

1154 689 1332 725 posterum,
1359 682 1549 714 auctoritate
1566 682 1702 714 ministri
1729 681 1890 724 generalis

1153 746 1215 778 qua
1241 735 1413 777 fungimur,
1433 734 1568 767 iuridice
1594 745 1629 768 ac
1655 734 1798 776 legitime
1817 744 1888 777 sup-

1153 789 1290 831 plemus,
1309 794 1340 821 et
1358 788 1395 820 ab
1414 788 1477 821 illis
1501 788 1565 830 peti
1592 793 1624 820 et
1644 787 1805 830 expectari
1825 798 1890 821 non

1153 841 1272 873 debere
1309 841 1520 873 declaramus.
1559 840 1761 883 Insuperque
1795 847 1824 873 te
1854 851 1891 874 ac

1154 894 1256 927 dictos
1289 894 1403 927 fratres
1440 893 1642 936 principibus
1679 894 1890 934 christianis,

1153 947 1329 991 praecipue
1367 947 1436 989 regi
1474 947 1657 984 catholieo,
1683 947 1892 990 eiusdemque

1153 1000 1329 1033 maiestatis
1354 999 1558 1037 consiliariis,
1573 999 1732 1031 submisse
1751 1010 1787 1031 ac
1805 1009 1893 1032 reve-

1154 1058 1265 1085 renter
1289 1052 1566 1090 commendamus,
1594 1056 1781 1094 sperantes,
1805 1051 1892 1094 quod

1154 1106 1186 1138 in
1212 1105 1366 1138 tribunali
1393 1110 1499 1137 tantae
1518 1104 1646 1147 pietatis
1675 1103 1756 1136 nihil
1781 1104 1891 1137 utilius

1154 1169 1189 1190 ac
1207 1158 1307 1201 magis
1322 1157 1498 1200 expediens
1521 1155 1693 1196 creditur¹,
1711 1167 1806 1199 quam
1829 1156 1892 1190 hoc

1155 1213 1339 1254 incoeptum
1366 1211 1404 1243 ad
1442 1210 1539 1243 tinem
1575 1209 1664 1252 regia
1691 1210 1892 1253 protectione

1155 1265 1346 1308 perducere,
1363 1270 1396 1296 ut
1414 1269 1461 1296 tot
1482 1264 1564 1296 bene
1582 1263 1747 1296 instructis
1764 1274 1800 1296 ae
1817 1263 1894 1307 edu-

1155 1318 1232 1350 catis
1267 1317 1424 1360 operariis
1465 1317 1698 1356 existentibus,
1724 1316 1830 1349 aditus
1862 1321 1895 1349 et

1156 1371 1321 1413 ingressus
1354 1371 1385 1403 in
1418 1370 1581 1402 indiarum
1617 1370 1820 1413 aliorumque
1845 1368 1906 1414 in<

1156 1423 1301 1456 fidelium
1326 1428 1435 1466 partes
1457 1422 1521 1455 illis
1547 1428 1670 1454 tantum
1696 1417 1909 1467 conseratur,⁸

1157 1482 1188 1508 et
1213 1475 1443 1519 quaerentibus
1474 1485 1556 1518 quae
1593 1485 1648 1507 sua
1679 1481 1754 1507 sunt
1786 1475 1894 1518 (quod

1158 1530 1239 1562 Deus
1264 1530 1425 1571 avertat),
1451 1534 1482 1560 et
1506 1538 1569 1561 non
1594 1528 1664 1560 Iesu
1690 1527 1831 1567 Christi,
1860 1538 1896 1562 ο-

1158 1582 1268 1614 rnnino
1283 1582 1473 1623 denegetur.
1489 1581 1662 1624 Postquam
1676 1591 1752 1613 vero
1770 1586 1896 1624 septem

1158 1635 1332 1668 seminaria
1368 1635 1428 1666 sub
1465 1634 1566 1667 forma
1600 1634 1768 1677 praedicta
1791 1640 1897 1667 erecta

1160 1689 1290 1728 suerint,
1306 1699 1342 1720 ac
1355 1687 1564 1720 missionibus
1582 1687 1612 1719 in
1631 1687 1804 1730 Hispaniae
1822 1698 1897 1730 pro-

1159 1741 1270 1774 vinciis
1293 1740 1453 1784 applicata
1473 1740 1689 1783 reperiantur,
1717 1740 1831 1773 harum
1852 1740 1897 1773 vi-

1160 1805 1239 1837 gore
1265 1794 1438 1832 sancimus,
1459 1794 1546 1837 quod
1569 1793 1719 1826 transitus
1739 1793 1772 1826 in
1796 1793 1898 1827 India-

1160 1859 1228 1881 rum
1254 1848 1428 1880 missiones
1453 1847 1603 1879 omnibus
1632 1846 1797 1889 religiosis
1823 1857 1899 1890 pro-

1159 1901 1335 1934 vim-iarum
1362 1900 1544 1943 Hispaniae,
1559 1900 1612 1942 qui
1630 1900 1721 1943 prius
1738 1910 1798 1943 per
1815 1900 1897 1933 duos

1161 1965 1273 1994 annos,
1290 1954 1337 1986 vel
1356 1953 1441 1986 aliud
1468 1953 1606 1996 spatium
1624 1964 1641 1985 a
1658 1958 1770 1986 nostro
1795 1953 1899 1986 India-

1161 2018 1230 2040 rum
1256 2006 1476 2040 commissario
1513 2005 1657 2048 generali
1691 2006 1806 2038 Mau-iti
1832 2006 1898 2039 exi-

1161 2060 1259 2093 stenti
1285 2059 1530 2101 assignandum,
1558 2059 1741 2101 augendum
1765 2059 1814 2093 vel
1839 2059 1899 2092 mi-

1162 2113 1337 2151 nuendum,
1356 2112 1387 2144 in
1413 2112 1522 2154 aliquo
1549 2122 1586 2144 ex
1611 2111 1787 2155 praedictis
1804 2111 1899 2145 semi-

1161 2166 1261 2198 nariis
1292 2176 1347 2198 seu
1374 2164 1528 2207 collegiis,
1554 2175 1629 2197 suae
1654 2159 1905 2206 religiositatis,

1162 2218 1348 2252 idoneitatis
1381 2229 1417 2251 ac
1456 2217 1634 2250 vocationis
1674 2217 1897 2251 testimonium

1162 2278 1193 2305 et
1217 2272 1337 2304 indicia
1362 2280 1431 2304 non*
1452 2271 1610 2310 dederint,
1630 2271 1806 2303 accedente
1824 2281 1895 2304 con-

1161 2336 1258 2358 sensu
1278 2330 1309 2357 et
1332 2324 1458 2367 placitis
1479 2323 1683 2361 necessariis,
1701 2323 1833 2357 omnino
1851 2323 1898 2356 in-

1163 2378 1357 2410 terdicatur:
1385 2378 1444 2410 hac
1471 2369 1563 2409 'enim
1595 2376 1801 2420 providentia
1824 2387 1900 2420 pro-

1161 2431 1338 2463 vinciarum
1365 2431 1396 2462 in
1422 2431 1520 2463 indiis
1559 2430 1764 2462 existentium
1796 2430 1900 2463 resor-

1162 2485 1309 2522 mationi,
1335 2485 1361 2516 si
1388 2484 1441 2516 illa
1467 2483 1625 2525 indigent⁷
1650 2483 1849 2522 consuletur,
1867 2488 1899 2516 et

1162 2537 1303 2570 fidelium
1331 2542 1394 2569 tam
1427 2536 1459 2568 in
1492 2536 1556 2570 illis
1593 2546 1688 2579 quam
1720 2535 1898 2580 Hispaniae

1197 2600 1208 2627 1
1230 2599 1324 2636 Aptius
1344 2599 1402 2635 lege
1422 2598 1554 2628 credetur
1570 2598 1612 2634 (n.
1627 2599 1667 2629 τ.)

1889 198 1939 239 Aa.
1959 211 1989 239 c.
2006 212 2072 242 188ss
2090 186 2106 208 ’κ
