2111 3157
18 203 67 230 An.
82 202 108 229 C.
133 202 200 229 1680

206 261 279 283 cum
310 251 510 284 solemnitate
542 250 622 283 iuris
647 249 832 282 authentice
863 249 936 281 sub-

207 302 408 343 scribantur;
434 303 459 335 si
485 308 591 335 autem
616 303 828 334 instrumenta
844 311 936 343 prae-

206 354 280 394 fata,
302 355 504 397 quantumvis
529 354 724 393 authentica,
751 355 852 385 solum
878 352 936 383 mi-

207 406 298 439 nistri
323 406 530 450 provincialis
551 407 680 448 placito,
703 405 881 437 iuramento
904 408 935 435 et

208 459 445 502 subscriptione
466 457 650 495 afficiantur,
666 457 741 489 licet
757 456 825 498 ipse
843 459 937 486 teste-

208 516 260 544 tur
282 517 385 545 totum
416 510 629 543 definitorium
661 518 738 550 erga
770 507 935 550 praedicta

207 574 299 597 suum
330 572 519 596 eonsensum
544 565 735 604 praestasse,
760 559 848 590 irrita
872 558 937 589 siut

208 620 239 649 et
261 615 422 654 invalida3
449 623 546 656 quare
581 612 793 644 instrumenta
826 609 937 641 huius-

207 668 304 707 modi,
334 666 359 700 si
381 675 545 708 nunquam
569 664 703 706 quibunt
727 663 854 695 obstare
879 672 936 693 no-

207 725 291 752 strae
315 718 377 751 iuri
401 716 596 760 provinciae,
615 715 705 748 cuius
729 724 882 757 praesens
906 718 936 745 et

207 773 338 815 antiqua
373 770 497 803 sanctio
528 780 584 802 seu
625 767 813 801 constitutio
849 771 936 798 recta

206 825 388 868 idoneaque
413 823 560 856 videatur
592 821 631 854 ad
654 819 934 858 inconvenientia,

206 887 287 920 quae
311 887 348 909 ex
369 875 519 918 opposito
546 878 680 916 possunt
704 872 794 911 oriri,
822 872 935 914 procul

204 928 393 970 releganda;
413 932 444 960 et
464 927 508 959 ita
524 931 700 968 peroptans
717 924 933 957 definitorium

205 981 407 1024 praedictum
425 979 508 1011 hanc
526 983 643 1010 rectam
661 976 850 1009 idoneamve
865 985 936 1008 con-

205 1033 408 1066 stitutionem
427 1042 481 1064 seu
504 1029 806 1064 determinationem
835 1028 936 1060 omni-

205 1085 301 1118 moda
325 1084 501 1117 subsistere
537 1082 704 1120 firmitate,
729 1092 769 1113 ne
792 1091 934 1123 unquam

206 1138 260 1170 illa
277 1141 370 1181 pacta
393 1135 585 1169 concordiae
610 1145 665 1166 seu
690 1133 936 1177 capitulationes

205 1190 368 1233 praefatae
402 1188 522 1231 absque
556 1188 680 1219 matura
704 1191 735 1218 et
758 1185 937 1218 necessaria

207 1241 440 1275 deliberatione
461 1239 663 1282 consilioque
688 1237 858 1270 sufficienti
886 1248 936 1270 so-

207 1295 359 1328 lemniter
384 1299 416 1326 et
440 1292 626 1325 authentice
652 1290 749 1330 fiant,
775 1290 933 1328 decrevit,

207 1348 302 1390 quod,
323 1351 386 1378 tam
407 1344 503 1378 huius
524 1343 699 1376 sanctionis
716 1353 773 1375 seu
791 1341 936 1374 determi-

207 1398 346 1431 nationis
372 1409 389 1430 a
412 1396 576 1440 praesenti
608 1394 791 1427 definitorio
816 1394 933 1432 sactae,

208 1460 303 1494 quam
324 1450 455 1483 alterius
473 1460 490 1481 a
507 1453 572 1480 toto
593 1447 732 1490 capitulo
750 1446 935 1489 provinciali

208 1503 377 1541 exhibitae,
399 1501 633 1534 demandentur
655 1501 802 1542 exempla
816 1510 870 1531 scu
891 1499 936 1531 in-

209 1561 299 1597 tegra
312 1558 521 1596 transumpta,
536 1558 567 1585 et
584 1564 600 1584 a
619 1552 792 1584 tabellione
806 1552 935 1594 publico

208 1609 259 1641 vel
284 1607 411 1640 notario
436 1605 616 1649 apostolico
641 1605 829 1646 subscripta,
848 1609 879 1635 et
895 1603 937 1635 ita

209 1659 407 1703 praesentari
431 1668 536 1691 coram
557 1659 646 1688 sacra
666 1656 890 1699 episcoporum
908 1661 939 1687 et

210 1711 407 1754 regularium
433 1709 710 1752 Congregafione,
740 1709 840 1751 ipsius
864 1719 939 1740 con-

210 1764 424 1796 firmationem
450 1762 672 1804 efflagitaudo:
698 1771 759 1803 qua
788 1762 938 1799 obtenta,

211 1820 391 1860 exponatur
425 1814 616 1857 suppliciter
649 1823 722 1845 cum
758 1813 941 1855 praemissis

212 1875 340 1901 sauctae
363 1867 451 1900 Sedi¹
471 1866 673 1909 Apostolicae
700 1865 738 1897 ad
764 1865 941 1897 roboratio-

213 1921 262 1954 nis
286 1920 433 1953 effectum
457 1918 661 1957 obtinendae,
677 1923 711 1949 ut
728 1917 835 1950 omnia
852 1927 942 1959 prae-

214 1973 310 2008 missa
335 1971 529 2005 communita
546 1969 726 2013 patrocinio
747 1969 942 2012 apostolicae

214 2023 463 2057 confirmationis
481 2022 657 2055 subsistant
675 2021 795 2053 firmius
821 2026 852 2053 et
877 2031 942 2053 ser—

214 2083 331 2110 ventur
344 2076 499 2114 exactius,
514 2085 576 2118 quo
591 2080 653 2107 tam
669 2075 747 2107 haec
761 2074 872 2107 ultima
884 2084 944 2106 ses-

215 2131 273 2170 sio,
300 2140 394 2173 quam
422 2129 515 2161 huius
533 2128 677 2171 reliquae
696 2127 877 2160 intermedii
894 2138 944 2159 ca-

214 2183 308 2227 pituli
333 2182 439 2215 finitae
465 2182 563 2220 fuere,
586 2191 622 2213 ac
645 2180 782 2223 propriis
807 2180 945 2212 subscri-

217 2241 290 2279 ptae
307 2235 456 2267 manibus
471 2234 581 2266 eodem
598 2233 657 2272 die,
675 2243 783 2266 mense
799 2237 830 2267 et
847 2243 943 2271 auno,

217 2294 251 2320 ut
274 2298 386 2331 supra:
412 2287 509 2318 frater
530 2286 653 2318 PETRUS
672 2295 714 2318 DE
731 2286 883 2319 Connova
904 2287 947 2318 le-

218 2347 285 2374 ctor
308 2351 417 2373 sacrae
443 2339 634 2380 theologiae,
652 2338 795 2371 minister
819 2339 947 2381 provin-

219 2394 318 2433 cialis;
336 2394 434 2425 frater
444 2392 641 2424 ltus-rossus
654 2399 696 2422 ne
709 2390 845 2429 Saarna,
856 2395 948 2433 pater

221 2451 253 2479 et
285 2445 455 2485 definitor;
480 2444 592 2476 Frater
615 2443 778 2477 chvuon
802 2443 945 2482 Actum,

258 2562 269 2587 ¹
293 2559 361 2586 Edit.
383 2559 459 2586 atain.
481 2558 544 2594 legit
565 2558 644 2584 Sedis
663 2560 702 2589 (n.
724 2558 774 2591 τ.),

783 201 993 226 INNOCENTIUS
1015 202 1045 225 XI
1071 202 1119 225 PP.

1606 187 1662 220 271

977 253 1068 290 pater
1083 254 1114 280 et
1127 247 1294 287 definitor·,
1317 247 1416 281 frater
1436 247 1629 279 ancisccs
1647 245 1705 276 Lo-

977 310 1043 339 ΡΕΖ,
1062 306 1169 333 custos
1194 306 1225 333 et
1248 310 1357 332 sacrae
1383 298 1565 339 theologiae
1583 298 1702 336 lector·,

978 351 1077 383 frater
1091 352 1252 384 ANTONIUS
1266 353 1440 389 atnam-s,
1459 349 1624 389 dessnitom
1642 349 1705 381 sra-

977 408 1027 435 ter
1051 404 1213 436 Auromus
1236 404 1438 443 itii-:immas
1464 402 1615 435 definitor
1632 412 1660 434 »:

1021 456 1035 497 ἓ
1062 455 1093 487 2.
1120 456 1157 487 Et
1181 456 1315 498 proinde
1342 466 1399 498 pro
1424 460 1514 498 parte
1540 454 1615 487 dicti
1632 454 1706 487 Fer·
1764 468 1896 489 confirm-³0

978 507 1109 539 dinandi
1134 508 1350 550 procuratoris
1375 508 1536 551 praefatae
1559 507 1701 548 Congre-
1716 494 1897 541 ectmffgfiliit'lfiii.

978 559 1098 600 gatiani
1134 561 1344 593 cardinalium
1380 560 1561 602 supplicato
1588 564 1624 591 ut
1653 547 1898 599 de-ssss5.'220‹5.‡f‘¹¹'l‡¹<'.

978 616 1062 642 creta
1092 612 1301 654 provincialia
1330 612 1512 645 huiusmodi
1540 602 1864 644 confi1-ma-⁰¹²⁴³⁰²¹¹¹⁰¹²⁸·

978 667 1042 694 ret:
1061 663 1171 696 eadem
1191 664 1403 706 Congregatio
1421 664 1630 696 cardinalium
1648 674 1707 707 per

979 725 1071 747 suum
1096 716 1261 749 decretum
1287 716 1338 748 die
1362 727 1393 749 Vl
1418 718 1610 759 septembris
1634 727 1708 759 pro-

978 767 1062 799 xime
1091 768 1255 809 praeteriti
1286 773 1482 807 enianatum,
1507 770 1627 800 attenta
1658 779 1708 800 su-

978 830 1036 862 per
1052 820 1238 862 praemissis
1257 820 1411 852 relatione
1428 820 1621 852 venerabilis
1648 820 1707 851 sra-

980 872 1035 904 tris
1061 873 1162 904 nostri
1189 872 1341 904 Alderani
1366 872 1506 914 episcopi
1538 872 1706 904 Tusculani

979 924 1123 956 eiusdem
1148 924 1179 956 S.
1200 924 1235 955 R.
1262 924 1297 956 E.
1325 924 1496 956 cardinalis
1520 923 1607 966 Cybo
1628 934 1708 956 nun-

979 977 1099 1019 cupati,
1119 976 1245 1009 Ordinis
1269 976 1402 1018 praefati
1430 977 1513 1019 apud
1532 986 1589 1008 nos
1608 981 1639 1008 et
1654 976 1708 1008 Se-

980 1029 1051 1061 dem
1076 1029 1296 1071 Apostolicam
1332 1028 1546 1071 protectoris,
1576 1028 1708 1070 petitam

979 1080 1259 1114 confirmationem
1301 1080 1485 1123 provinciae
1525 1080 1708 1123 praedictae

978 1135 1119 1176 benigne
1139 1133 1307 1173 concessit,
1319 1133 1469 1175 illiusque
1485 1133 1709 1165 executionem

979 1192 1011 1219 et
1035 1187 1271 1219 observantiam
1304 1185 1438 1218 arbitrio
1463 1191 1494 1217 et
1517 1185 1708 1228 prudentiae

980 1239 1120 1272 eiusdem
1146 1238 1295 1271 Alderani
1319 1238 1461 1281 episcopi
1487 1237 1657 1270 cardinalis
1679 1243 1711 1269 et

978 1290 1169 1333 protectoris
1185 1290 1325 1329 remisit;
1342 1290 1394 1332 qui
1409 1289 1556 1328 subinde,
1571 1289 1710 1322 auctori-

978 1349 1042 1375 tate
1057 1343 1115 1374 sibi
1134 1353 1192 1385 per
1209 1342 1405 1385 praedictam
1421 1342 1710 1384 Congregationem

978 1395 1189 1428 cardinalium
1214 1395 1384 1433 attributa,
1419 1395 1584 1426 decretum
1610 1394 1711 1426 edidit

980 1448 1099 1481 tenoris
1124 1448 1176 1490 qui
1203 1447 1355 1490 sequitur,
1383 1447 1555 1479 videlicet:

1028 1512 1040 1530 «
1078 1500 1253 1532 Alderanus
1299 1500 1471 1542 episcopus
1510 1499 1708 1531 Tusculanus
1735 1508 1902 1528 Decretumcar·

979 1553 1010 1586 S.
1027 1553 1062 1585 R.
1080 1553 1113 1584 E.
1134 1552 1305 1584 cardinalis
1329 1551 1424 1594 Cybo,
1442 1551 1601 1594 seraphici
1620 1535 1796 1584 0,.dj,3;35.·‚';?
1834 1536 1902 1559 ‘'sm‘'

981 1607 1028 1639 nis
1044 1606 1143 1638 sancti
1162 1604 1320 1637 Francisei
1335 1604 1418 1647 apud
1436 1604 1582 1637 Sanctam
1597 1604 1710 1636 Sedem

981 1664 1157 1702 protector.
1185 1658 1225 1690 Ex
1250 1668 1313 1700 quo
1331 1668 1439 1689 sacrae
1463 1656 1711 1699 Congregationi

981 1712 1208 1754 episcoporum
1234 1716 1265 1741 et
1289 1710 1487 1751 regularium
1518 1710 1640 1752 placuit
1665 1720 1713 1741 re-

983 1763 1153 1805 troscripta
1167 1763 1294 1794 decreta
1310 1762 1520 1804 provincialia
1533 1762 1713 1804 approhare

983 1823 1013 1848 et
1037 1815 1247 1853 confirmare,
1281 1825 1458 1856 eorumque
1493 1815 1715 1847 executionem

985 1874 1015 1901 et
1030 1867 1263 1900 observantiam
1280 1867 1473 1909 protectioni
1488 1872 1617 1899 nostrae
1633 1877 1715 1899 com-

985 1921 1132 1953 mittere:
1155 1930 1234 1959 nOS,
1264 1920 1407 1952 eiusdem
1433 1930 1544 1952 sacrae
1570 1919 1713 1960 Congre-

986 1973 1122 2015 gationis
1156 1970 1379 2011 auctoritate¹‚
1407 1971 1569 2004 modernis
1594 1976 1625 2003 et
1659 1981 1717 2013 pro

987 2032 1130 2068 tempore
1149 2024 1361 2057 existentibus
1387 2024 1610 2066 superioribus
1627 2033 1718 2066 prae—

987 2079 1068 2110 fatae
1101 2076 1285 2120 provinciae
1322 2076 1466 2108 districte
1503 2075 1716 2118 praecipimus

987 2135 1018 2163 et
1041 2130 1229 2162 mandamus
1266 2133 1421 2171 quatenus
1457 2128 1639 2170 supradicta
1664 2128 1720 2160 de-

987 2188 1074 2215 creta
1102 2182 1296 2223 illorumque
1319 2185 1464 2212 tenorem
1490 2180 1653 2222 perpetuis
1674 2181 1720 2212 fu-

990 2235 1068 2267 turis
1099 2234 1300 2276 temporibus
1330 2233 1470 2265 fideliter
1495 2233 1664 2265 observent
1689 2237 1720 2264 et

1715 196 1761 221 λη,
1780 194 1806 220 C.
1831 194 1896 220 ¹680

967 2291 1198 2330 ,exequantiug
1217 2296 1251 2318 ac
1277 2286 1315 2317 ab
1341 2285 1489 2317 omnibus
1514 2285 1584 2317 aliis
1609 2285 1721 2317 obscr-

989 2339 1053 2371 vari
1080 2345 1111 2371 et
1136 2337 1250 2380 exequi
1275 2337 1402 2376 saciant,
1422 2347 1480 2369 nec
1498 2336 1552 2369 illa
1569 2337 1625 2369 sub
1644 2347 1722 2379 quo-

990 2401 1124 2434 cumque
1149 2394 1318 2433 praetextu
1343 2389 1519 2431 infringere
1535 2416 1542 2429 ,
1576 2394 1721 2426 mutare,

992 2450 1044 2476 aut
1068 2444 1163 2476 etiam
1189 2442 1403 2475 diversimode
1429 2441 1642 2485 interpretari,
1665 2451 1723 2473 no-

1031 2559 1039 2583 1
1063 2556 1132 2583 Edit.
1150 2555 1227 2583 Main.
1244 2555 1309 2593 legit
1323 2555 1523 2582 auctoritatem
1541 2555 1577 2591 (n.
1593 2555 1644 2590 τ.).
