<?xml version="1.0" encoding="UTF-8"?>
<!DOCTYPE html PUBLIC "-//W3C//DTD XHTML 1.0 Transitional//EN"
    "http://www.w3.org/TR/xhtml1/DTD/xhtml1-transitional.dtd">
<html xmlns="http://www.w3.org/1999/xhtml" xml:lang="en" lang="en">
 <head>
  <title>
</title>
<meta http-equiv="Content-Type" content="text/html;charset=utf-8" />
  <meta name='ocr-system' content='tesseract 3.04.00' />
  <meta name='ocr-capabilities' content='ocr_page ocr_carea ocr_par ocr_line ocrx_word'/>
</head>
<body>
  <div class='ocr_page' id='page_1' title='image "./bullarumdiplomat19cath_0751.png"; bbox 0 0 2111 3157; ppageno 0'>
   <div class='ocr_carea' id='block_1_1' title="bbox 43 283 229 312">
    <p class='ocr_par' dir='ltr' id='par_1_1' title="bbox 43 283 229 312">
     <span class='ocr_line' id='line_1_1' title="bbox 43 283 229 312; baseline -0.005 0"><span class='ocrx_word' id='word_1_1' title='bbox 43 285 96 312; x_wconf 73' lang='lat' dir='ltr'>An.</span> <span class='ocrx_word' id='word_1_2' title='bbox 112 283 138 310; x_wconf 84' lang='grc' dir='ltr'>Γ..</span> <span class='ocrx_word' id='word_1_3' title='bbox 160 283 229 311; x_wconf 76' lang='lat'>¹686</span> 
     </span>
    </p>
   </div>
   <div class='ocr_carea' id='block_1_2' title="bbox 819 285 1157 312">
    <p class='ocr_par' dir='ltr' id='par_1_2' title="bbox 819 285 1157 312">
     <span class='ocr_line' id='line_1_2' title="bbox 819 285 1157 312; baseline -0.003 -1"><span class='ocrx_word' id='word_1_4' title='bbox 819 285 1030 312; x_wconf 73' lang='lat' dir='ltr'>INNOCENTIUS</span> <span class='ocrx_word' id='word_1_5' title='bbox 1050 285 1082 311; x_wconf 82' lang='lat' dir='ltr'>XI</span> <span class='ocrx_word' id='word_1_6' title='bbox 1107 285 1157 310; x_wconf 73' lang='grc' dir='ltr'>Μ’.</span> 
     </span>
    </p>
   </div>
   <div class='ocr_carea' id='block_1_3' title="bbox 230 331 970 2590">
    <p class='ocr_par' dir='ltr' id='par_1_3' title="bbox 230 331 970 2590">
     <span class='ocr_line' id='line_1_3' title="bbox 233 331 968 378; baseline 0.004 -14"><span class='ocrx_word' id='word_1_7' title='bbox 233 337 348 375; x_wconf 88' lang='lat' dir='ltr'>sponte</span> <span class='ocrx_word' id='word_1_8' title='bbox 375 331 558 366; x_wconf 81' lang='lat' dir='ltr'>oblatarum</span> <span class='ocrx_word' id='word_1_9' title='bbox 588 333 778 378; x_wconf 74' lang='lat' dir='ltr'>receptione</span> <span class='ocrx_word' id='word_1_10' title='bbox 804 334 968 367; x_wconf 84' lang='lat' dir='ltr'>abstinere</span> 
     </span>
     <span class='ocr_line' id='line_1_4' title="bbox 234 384 968 430; baseline 0.003 -13"><span class='ocrx_word' id='word_1_11' title='bbox 234 384 385 418; x_wconf 87' lang='lat' dir='ltr'>debeant.</span> <span class='ocrx_word' id='word_1_12' title='bbox 406 386 558 419; x_wconf 82' lang='lat' dir='ltr'>Poterunt</span> <span class='ocrx_word' id='word_1_13' title='bbox 580 392 683 420; x_wconf 90' lang='lat' dir='ltr'>tamen</span> <span class='ocrx_word' id='word_1_14' title='bbox 704 397 763 430; x_wconf 93' lang='lat' dir='ltr'>pro</span> <span class='ocrx_word' id='word_1_15' title='bbox 780 387 968 430; x_wconf 89' lang='lat' dir='ltr'>quotidiano</span> 
     </span>
     <span class='ocr_line' id='line_1_5' title="bbox 232 436 968 482; baseline 0.003 -13"><span class='ocrx_word' id='word_1_16' title='bbox 232 436 315 470; x_wconf 73' lang='lat' dir='ltr'>victu</span> <span class='ocrx_word' id='word_1_17' title='bbox 340 439 526 472; x_wconf 81' lang='lat' dir='ltr'>necessario</span> <span class='ocrx_word' id='word_1_18' title='bbox 559 439 701 472; x_wconf 75' lang='lat' dir='ltr'>ostiatim</span> <span class='ocrx_word' id='word_1_19' title='bbox 736 449 892 482; x_wconf 78' lang='lat' dir='ltr'>quaerere</span> <span class='ocrx_word' id='word_1_20' title='bbox 920 439 968 471; x_wconf 83' lang='lat' dir='ltr'>vel</span> 
     </span>
     <span class='ocr_line' id='line_1_6' title="bbox 233 489 969 534; baseline -0.001 -11"><span class='ocrx_word' id='word_1_21' title='bbox 233 489 341 523; x_wconf 86' lang='lat' dir='ltr'>oblata</span> <span class='ocrx_word' id='word_1_22' title='bbox 356 491 510 533; x_wconf 87' lang='lat' dir='ltr'>recipere,</span> <span class='ocrx_word' id='word_1_23' title='bbox 529 491 605 534; x_wconf 87' lang='lat' dir='ltr'>quin</span> <span class='ocrx_word' id='word_1_24' title='bbox 623 492 668 524; x_wconf 88' lang='lat' dir='ltr'>uti</span> <span class='ocrx_word' id='word_1_25' title='bbox 694 492 774 525; x_wconf 87' lang='lat' dir='ltr'>cibis</span> <span class='ocrx_word' id='word_1_26' title='bbox 793 497 824 525; x_wconf 91' lang='lat' dir='ltr'>et</span> <span class='ocrx_word' id='word_1_27' title='bbox 840 491 969 534; x_wconf 89' lang='lat' dir='ltr'>potibus</span> 
     </span>
     <span class='ocr_line' id='line_1_7' title="bbox 233 541 967 586; baseline 0.004 -13"><span class='ocrx_word' id='word_1_28' title='bbox 233 541 379 575; x_wconf 83' lang='lat' dir='ltr'>delicatis</span> <span class='ocrx_word' id='word_1_29' title='bbox 402 543 486 575; x_wconf 85' lang='lat' dir='ltr'>non¹</span> <span class='ocrx_word' id='word_1_30' title='bbox 509 549 732 586; x_wconf 86' lang='lat' dir='ltr'>praesumant,</span> <span class='ocrx_word' id='word_1_31' title='bbox 757 546 807 577; x_wconf 94' lang='lat' dir='ltr'>vel</span> <span class='ocrx_word' id='word_1_32' title='bbox 839 544 967 576; x_wconf 67' lang='lat' dir='ltr'>domos,</span> 
     </span>
     <span class='ocr_line' id='line_1_8' title="bbox 232 593 968 639; baseline 0.004 -14"><span class='ocrx_word' id='word_1_33' title='bbox 232 593 263 626; x_wconf 92' lang='lat' dir='ltr'>in</span> <span class='ocrx_word' id='word_1_34' title='bbox 282 594 397 638; x_wconf 89' lang='lat' dir='ltr'>quibus</span> <span class='ocrx_word' id='word_1_35' title='bbox 414 596 577 638; x_wconf 88' lang='lat' dir='ltr'>praedicta</span> <span class='ocrx_word' id='word_1_36' title='bbox 590 597 635 629; x_wconf 87' lang='lat' dir='ltr'>eis</span> <span class='ocrx_word' id='word_1_37' title='bbox 649 601 865 639; x_wconf 86' lang='lat' dir='ltr'>apponuntur,</span> <span class='ocrx_word' id='word_1_38' title='bbox 879 596 968 629; x_wconf 88' lang='lat' dir='ltr'>adire</span> 
     </span>
     <span class='ocr_line' id='line_1_9' title="bbox 232 647 966 690; baseline 0.001 -11"><span class='ocrx_word' id='word_1_39' title='bbox 232 656 296 679; x_wconf 90' lang='lat' dir='ltr'>non</span> <span class='ocrx_word' id='word_1_40' title='bbox 311 647 464 690; x_wconf 83' lang='lat' dir='ltr'>seligant;</span> <span class='ocrx_word' id='word_1_41' title='bbox 484 647 549 681; x_wconf 91' lang='lat' dir='ltr'>imo</span> <span class='ocrx_word' id='word_1_42' title='bbox 563 659 618 681; x_wconf 88' lang='lat' dir='ltr'>eos</span> <span class='ocrx_word' id='word_1_43' title='bbox 637 649 797 681; x_wconf 84' lang='lat' dir='ltr'>recordari</span> <span class='ocrx_word' id='word_1_44' title='bbox 811 649 966 689; x_wconf 87' lang='lat' dir='ltr'>volumus,</span> 
     </span>
     <span class='ocr_line' id='line_1_10' title="bbox 233 699 966 743; baseline 0.003 -12"><span class='ocrx_word' id='word_1_45' title='bbox 233 699 320 741; x_wconf 88' lang='lat' dir='ltr'>quod</span> <span class='ocrx_word' id='word_1_46' title='bbox 350 706 477 733; x_wconf 91' lang='lat' dir='ltr'>sanctus</span> <span class='ocrx_word' id='word_1_47' title='bbox 508 705 601 743; x_wconf 82' lang='lat' dir='ltr'>pater</span> <span class='ocrx_word' id='word_1_48' title='bbox 624 706 735 733; x_wconf 89' lang='lat' dir='ltr'>noster</span> <span class='ocrx_word' id='word_1_49' title='bbox 758 700 966 740; x_wconf 86' lang='lat' dir='ltr'>Franciscus,</span> 
     </span>
     <span class='ocr_line' id='line_1_11' title="bbox 231 751 967 796; baseline 0.004 -13"><span class='ocrx_word' id='word_1_50' title='bbox 231 751 306 784; x_wconf 91' lang='lat' dir='ltr'>dum</span> <span class='ocrx_word' id='word_1_51' title='bbox 330 752 369 784; x_wconf 88' lang='lat' dir='ltr'>ad</span> <span class='ocrx_word' id='word_1_52' title='bbox 393 753 648 786; x_wconf 86' lang='lat' dir='ltr'>manducandum</span> <span class='ocrx_word' id='word_1_53' title='bbox 673 764 744 786; x_wconf 88' lang='lat' dir='ltr'>cum</span> <span class='ocrx_word' id='word_1_54' title='bbox 768 754 967 796; x_wconf 83' lang='lat' dir='ltr'>magnatibus</span> 
     </span>
     <span class='ocr_line' id='line_1_12' title="bbox 231 803 967 848; baseline 0.004 -13"><span class='ocrx_word' id='word_1_55' title='bbox 231 808 263 835; x_wconf 92' lang='lat' dir='ltr'>et</span> <span class='ocrx_word' id='word_1_56' title='bbox 286 803 436 836; x_wconf 87' lang='lat' dir='ltr'>divitibus</span> <span class='ocrx_word' id='word_1_57' title='bbox 461 804 662 846; x_wconf 79' lang='lat' dir='ltr'>invitabatur,</span> <span class='ocrx_word' id='word_1_58' title='bbox 680 806 772 848; x_wconf 89' lang='lat' dir='ltr'>panis</span> <span class='ocrx_word' id='word_1_59' title='bbox 790 806 967 848; x_wconf 75' lang='lat' dir='ltr'>fragmenta</span> 
     </span>
     <span class='ocr_line' id='line_1_13' title="bbox 231 856 966 902; baseline 0.005 -14"><span class='ocrx_word' id='word_1_60' title='bbox 231 856 369 889; x_wconf 79' lang='lat' dir='ltr'>ostiatim</span> <span class='ocrx_word' id='word_1_61' title='bbox 395 858 540 900; x_wconf 84' lang='lat' dir='ltr'>quaesita</span> <span class='ocrx_word' id='word_1_62' title='bbox 564 868 672 891; x_wconf 84' lang='lat' dir='ltr'>secum</span> <span class='ocrx_word' id='word_1_63' title='bbox 694 859 854 902; x_wconf 87' lang='lat' dir='ltr'>portabat,</span> <span class='ocrx_word' id='word_1_64' title='bbox 874 865 906 891; x_wconf 88' lang='lat' dir='ltr'>et</span> <span class='ocrx_word' id='word_1_65' title='bbox 922 859 966 892; x_wconf 90' lang='lat' dir='ltr'>ibi</span> 
     </span>
     <span class='ocr_line' id='line_1_14' title="bbox 231 908 967 955; baseline 0.004 -14"><span class='ocrx_word' id='word_1_66' title='bbox 231 908 378 952; x_wconf 84' lang='lat' dir='ltr'>apposita</span> <span class='ocrx_word' id='word_1_67' title='bbox 403 909 590 942; x_wconf 82' lang='lat' dir='ltr'>delicatiora</span> <span class='ocrx_word' id='word_1_68' title='bbox 614 916 649 943; x_wconf 91' lang='lat' dir='ltr'>ut</span> <span class='ocrx_word' id='word_1_69' title='bbox 673 921 797 955; x_wconf 79' lang='lat' dir='ltr'>pauper</span> <span class='ocrx_word' id='word_1_70' title='bbox 818 922 891 944; x_wconf 87' lang='lat' dir='ltr'>vere</span> <span class='ocrx_word' id='word_1_71' title='bbox 910 912 967 944; x_wconf 90' lang='lat' dir='ltr'>hu-</span> 
     </span>
     <span class='ocr_line' id='line_1_15' title="bbox 230 961 967 998; baseline 0.007 -5"><span class='ocrx_word' id='word_1_72' title='bbox 230 961 316 994; x_wconf 89' lang='lat' dir='ltr'>milis</span> <span class='ocrx_word' id='word_1_73' title='bbox 338 972 463 995; x_wconf 88' lang='lat' dir='ltr'>sumere</span> <span class='ocrx_word' id='word_1_74' title='bbox 482 963 625 996; x_wconf 83' lang='lat' dir='ltr'>nolebat.</span> <span class='ocrx_word' id='word_1_75' title='bbox 648 964 771 997; x_wconf 87' lang='lat' dir='ltr'>Statuta</span> <span class='ocrx_word' id='word_1_76' title='bbox 787 964 914 998; x_wconf 85' lang='lat' dir='ltr'>Ordinis</span> <span class='ocrx_word' id='word_1_77' title='bbox 936 970 967 998; x_wconf 84' lang='lat' dir='ltr'>et</span> 
     </span>
     <span class='ocr_line' id='line_1_16' title="bbox 231 1014 968 1061; baseline 0.005 -14"><span class='ocrx_word' id='word_1_78' title='bbox 231 1014 492 1049; x_wconf 86' lang='lat' dir='ltr'>Recollectorum</span> <span class='ocrx_word' id='word_1_79' title='bbox 519 1016 565 1059; x_wconf 88' lang='lat' dir='ltr'>(in</span> <span class='ocrx_word' id='word_1_80' title='bbox 590 1017 706 1060; x_wconf 90' lang='lat' dir='ltr'>quibus</span> <span class='ocrx_word' id='word_1_81' title='bbox 725 1018 841 1051; x_wconf 89' lang='lat' dir='ltr'>modus</span> <span class='ocrx_word' id='word_1_82' title='bbox 864 1019 968 1061; x_wconf 90' lang='lat' dir='ltr'>provi-</span> 
     </span>
     <span class='ocr_line' id='line_1_17' title="bbox 231 1067 967 1104; baseline 0.005 -4"><span class='ocrx_word' id='word_1_83' title='bbox 231 1067 328 1101; x_wconf 90' lang='lat' dir='ltr'>dendi</span> <span class='ocrx_word' id='word_1_84' title='bbox 354 1069 601 1102; x_wconf 80' lang='lat' dir='ltr'>necessitatibus</span> <span class='ocrx_word' id='word_1_85' title='bbox 627 1071 759 1104; x_wconf 78' lang='lat' dir='ltr'>fratrum</span> <span class='ocrx_word' id='word_1_86' title='bbox 780 1077 842 1104; x_wconf 88' lang='lat' dir='ltr'>tam</span> <span class='ocrx_word' id='word_1_87' title='bbox 866 1071 898 1104; x_wconf 90' lang='lat' dir='ltr'>in</span> <span class='ocrx_word' id='word_1_88' title='bbox 920 1082 967 1104; x_wconf 83' lang='lat' dir='ltr'>ae-</span> 
     </span>
     <span class='ocr_line' id='line_1_18' title="bbox 230 1122 964 1167; baseline 0.007 -15"><span class='ocrx_word' id='word_1_89' title='bbox 230 1122 288 1163; x_wconf 75' lang='lat' dir='ltr'>gra</span> <span class='ocrx_word' id='word_1_90' title='bbox 312 1132 407 1164; x_wconf 90' lang='lat' dir='ltr'>quam</span> <span class='ocrx_word' id='word_1_91' title='bbox 432 1122 465 1154; x_wconf 92' lang='lat' dir='ltr'>in</span> <span class='ocrx_word' id='word_1_92' title='bbox 491 1124 566 1155; x_wconf 77' lang='lat' dir='ltr'>sana</span> <span class='ocrx_word' id='word_1_93' title='bbox 594 1124 776 1156; x_wconf 83' lang='lat' dir='ltr'>valetudine</span> <span class='ocrx_word' id='word_1_94' title='bbox 801 1124 964 1167; x_wconf 89' lang='lat' dir='ltr'>praescri-</span> 
     </span>
     <span class='ocr_line' id='line_1_19' title="bbox 230 1172 966 1220; baseline 0.007 -15"><span class='ocrx_word' id='word_1_95' title='bbox 230 1172 327 1214; x_wconf 83' lang='lat' dir='ltr'>bitur,</span> <span class='ocrx_word' id='word_1_96' title='bbox 344 1173 421 1217; x_wconf 89' lang='lat' dir='ltr'>quin</span> <span class='ocrx_word' id='word_1_97' title='bbox 446 1175 484 1207; x_wconf 86' lang='lat' dir='ltr'>ad</span> <span class='ocrx_word' id='word_1_98' title='bbox 509 1175 540 1208; x_wconf 92' lang='lat' dir='ltr'>id</span> <span class='ocrx_word' id='word_1_99' title='bbox 566 1176 751 1218; x_wconf 80' lang='lat' dir='ltr'>particulari</span> <span class='ocrx_word' id='word_1_100' title='bbox 776 1177 904 1220; x_wconf 83' lang='lat' dir='ltr'>peculio</span> <span class='ocrx_word' id='word_1_101' title='bbox 917 1177 966 1210; x_wconf 84' lang='lat' dir='ltr'>vel</span> 
     </span>
     <span class='ocr_line' id='line_1_20' title="bbox 230 1226 967 1273; baseline 0.007 -15"><span class='ocrx_word' id='word_1_102' title='bbox 230 1226 424 1269; x_wconf 79' lang='lat' dir='ltr'>specialibus</span> <span class='ocrx_word' id='word_1_103' title='bbox 439 1229 649 1272; x_wconf 83' lang='lat' dir='ltr'>eleemosynis</span> <span class='ocrx_word' id='word_1_104' title='bbox 668 1230 783 1273; x_wconf 87' lang='lat' dir='ltr'>aliquis</span> <span class='ocrx_word' id='word_1_105' title='bbox 797 1230 967 1272; x_wconf 81' lang='lat' dir='ltr'>religiosus</span> 
     </span>
     <span class='ocr_line' id='line_1_21' title="bbox 231 1279 968 1324; baseline 0.005 -13"><span class='ocrx_word' id='word_1_106' title='bbox 231 1279 387 1324; x_wconf 82' lang='lat' dir='ltr'>indigeat)</span> <span class='ocrx_word' id='word_1_107' title='bbox 409 1281 440 1313; x_wconf 91' lang='lat' dir='ltr'>in</span> <span class='ocrx_word' id='word_1_108' title='bbox 466 1281 615 1314; x_wconf 88' lang='lat' dir='ltr'>omnibus</span> <span class='ocrx_word' id='word_1_109' title='bbox 641 1282 822 1315; x_wconf 85' lang='lat' dir='ltr'>seminariis</span> <span class='ocrx_word' id='word_1_110' title='bbox 847 1283 885 1315; x_wconf 91' lang='lat' dir='ltr'>ad</span> <span class='ocrx_word' id='word_1_111' title='bbox 910 1294 968 1315; x_wconf 90' lang='lat' dir='ltr'>un-</span> 
     </span>
     <span class='ocr_line' id='line_1_22' title="bbox 231 1334 967 1378; baseline 0.007 -15"><span class='ocrx_word' id='word_1_112' title='bbox 231 1341 347 1374; x_wconf 82' lang='lat' dir='ltr'>guem,</span> <span class='ocrx_word' id='word_1_113' title='bbox 376 1338 406 1365; x_wconf 91' lang='lat' dir='ltr'>et</span> <span class='ocrx_word' id='word_1_114' title='bbox 439 1334 498 1366; x_wconf 87' lang='lat' dir='ltr'>sub</span> <span class='ocrx_word' id='word_1_115' title='bbox 523 1335 638 1377; x_wconf 90' lang='lat' dir='ltr'>poenis</span> <span class='ocrx_word' id='word_1_116' title='bbox 672 1335 967 1378; x_wconf 76' lang='lat' dir='ltr'>transgressoribus</span> 
     </span>
     <span class='ocr_line' id='line_1_23' title="bbox 231 1384 968 1428; baseline 0.007 -12"><span class='ocrx_word' id='word_1_117' title='bbox 231 1384 262 1416; x_wconf 93' lang='lat' dir='ltr'>in</span> <span class='ocrx_word' id='word_1_118' title='bbox 277 1384 340 1417; x_wconf 92' lang='lat' dir='ltr'>illis</span> <span class='ocrx_word' id='word_1_119' title='bbox 353 1385 524 1428; x_wconf 85' lang='lat' dir='ltr'>impositis,</span> <span class='ocrx_word' id='word_1_120' title='bbox 543 1387 767 1420; x_wconf 85' lang='lat' dir='ltr'>observentur.</span> <span class='ocrx_word' id='word_1_121' title='bbox 787 1387 835 1428; x_wconf 77' lang='lat' dir='ltr'>Et,</span> <span class='ocrx_word' id='word_1_122' title='bbox 856 1398 895 1421; x_wconf 90' lang='lat' dir='ltr'>ne</span> <span class='ocrx_word' id='word_1_123' title='bbox 912 1388 968 1421; x_wconf 87' lang='lat' dir='ltr'>be-</span> 
     </span>
     <span class='ocr_line' id='line_1_24' title="bbox 230 1436 966 1483; baseline 0.007 -15"><span class='ocrx_word' id='word_1_124' title='bbox 230 1436 432 1470; x_wconf 74' lang='lat' dir='ltr'>nefactorum</span> <span class='ocrx_word' id='word_1_125' title='bbox 459 1438 586 1472; x_wconf 77' lang='lat' dir='ltr'>devotio</span> <span class='ocrx_word' id='word_1_126' title='bbox 608 1440 744 1473; x_wconf 89' lang='lat' dir='ltr'>alicuius</span> <span class='ocrx_word' id='word_1_127' title='bbox 763 1441 966 1483; x_wconf 84' lang='lat' dir='ltr'>particularis</span> 
     </span>
     <span class='ocr_line' id='line_1_25' title="bbox 230 1490 968 1534; baseline 0.005 -12"><span class='ocrx_word' id='word_1_128' title='bbox 230 1490 410 1523; x_wconf 88' lang='lat' dir='ltr'>commodis</span> <span class='ocrx_word' id='word_1_129' title='bbox 427 1491 619 1534; x_wconf 83' lang='lat' dir='ltr'>applicetur,</span> <span class='ocrx_word' id='word_1_130' title='bbox 639 1498 669 1525; x_wconf 90' lang='lat' dir='ltr'>et</span> <span class='ocrx_word' id='word_1_131' title='bbox 685 1493 895 1526; x_wconf 88' lang='lat' dir='ltr'>communitas</span> <span class='ocrx_word' id='word_1_132' title='bbox 913 1494 968 1526; x_wconf 87' lang='lat' dir='ltr'>ali-</span> 
     </span>
     <span class='ocr_line' id='line_1_26' title="bbox 230 1542 968 1585; baseline 0.007 -11"><span class='ocrx_word' id='word_1_133' title='bbox 230 1542 369 1585; x_wconf 88' lang='lat' dir='ltr'>qualiter</span> <span class='ocrx_word' id='word_1_134' title='bbox 387 1543 560 1585; x_wconf 80' lang='lat' dir='ltr'>fraudetur,</span> <span class='ocrx_word' id='word_1_135' title='bbox 579 1545 668 1578; x_wconf 88' lang='lat' dir='ltr'>nullo</span> <span class='ocrx_word' id='word_1_136' title='bbox 686 1546 780 1579; x_wconf 92' lang='lat' dir='ltr'>modo</span> <span class='ocrx_word' id='word_1_137' title='bbox 798 1546 892 1579; x_wconf 88' lang='lat' dir='ltr'>alicui</span> <span class='ocrx_word' id='word_1_138' title='bbox 911 1546 968 1579; x_wconf 86' lang='lat' dir='ltr'>sra-</span> 
     </span>
     <span class='ocr_line' id='line_1_27' title="bbox 231 1595 967 1642; baseline 0.007 -15"><span class='ocrx_word' id='word_1_139' title='bbox 231 1595 269 1627; x_wconf 88' lang='lat' dir='ltr'>tri</span> <span class='ocrx_word' id='word_1_140' title='bbox 295 1596 502 1638; x_wconf 80' lang='lat' dir='ltr'>permittatur</span> <span class='ocrx_word' id='word_1_141' title='bbox 526 1598 612 1640; x_wconf 90' lang='lat' dir='ltr'>apud</span> <span class='ocrx_word' id='word_1_142' title='bbox 639 1598 806 1641; x_wconf 81' lang='lat' dir='ltr'>syndicum</span> <span class='ocrx_word' id='word_1_143' title='bbox 831 1604 967 1642; x_wconf 86' lang='lat' dir='ltr'>aposto-</span> 
     </span>
     <span class='ocr_line' id='line_1_28' title="bbox 230 1647 966 1694; baseline 0.007 -14"><span class='ocrx_word' id='word_1_144' title='bbox 230 1647 347 1688; x_wconf 89' lang='lat' dir='ltr'>licum,</span> <span class='ocrx_word' id='word_1_145' title='bbox 372 1655 426 1682; x_wconf 89' lang='lat' dir='ltr'>aut</span> <span class='ocrx_word' id='word_1_146' title='bbox 451 1649 548 1682; x_wconf 83' lang='lat' dir='ltr'>aliurn</span> <span class='ocrx_word' id='word_1_147' title='bbox 585 1651 720 1683; x_wconf 88' lang='lat' dir='ltr'>amicum</span> <span class='ocrx_word' id='word_1_148' title='bbox 747 1652 966 1694; x_wconf 86' lang='lat' dir='ltr'>spiritualem,</span> 
     </span>
     <span class='ocr_line' id='line_1_29' title="bbox 231 1700 969 1747; baseline 0.005 -15"><span class='ocrx_word' id='word_1_149' title='bbox 231 1700 369 1743; x_wconf 82' lang='lat' dir='ltr'>aliquam</span> <span class='ocrx_word' id='word_1_150' title='bbox 380 1702 590 1744; x_wconf 83' lang='lat' dir='ltr'>pecuniarum</span> <span class='ocrx_word' id='word_1_151' title='bbox 604 1704 851 1747; x_wconf 82' lang='lat' dir='ltr'>eleemosynam,</span> <span class='ocrx_word' id='word_1_152' title='bbox 866 1705 969 1737; x_wconf 86' lang='lat' dir='ltr'>cuius-</span> 
     </span>
     <span class='ocr_line' id='line_1_30' title="bbox 230 1755 968 1800; baseline 0.007 -15"><span class='ocrx_word' id='word_1_153' title='bbox 230 1763 364 1796; x_wconf 88' lang='lat' dir='ltr'>cumque</span> <span class='ocrx_word' id='word_1_154' title='bbox 390 1755 524 1787; x_wconf 92' lang='lat' dir='ltr'>dominii</span> <span class='ocrx_word' id='word_1_155' title='bbox 550 1755 611 1796; x_wconf 90' lang='lat' dir='ltr'>sit,</span> <span class='ocrx_word' id='word_1_156' title='bbox 637 1767 696 1800; x_wconf 90' lang='lat' dir='ltr'>pro</span> <span class='ocrx_word' id='word_1_157' title='bbox 722 1757 788 1789; x_wconf 90' lang='lat' dir='ltr'>suis</span> <span class='ocrx_word' id='word_1_158' title='bbox 823 1758 968 1800; x_wconf 84' lang='lat' dir='ltr'>particu-</span> 
     </span>
     <span class='ocr_line' id='line_1_31' title="bbox 230 1805 965 1848; baseline 0.005 -11"><span class='ocrx_word' id='word_1_159' title='bbox 230 1805 352 1838; x_wconf 82' lang='lat' dir='ltr'>laribus</span> <span class='ocrx_word' id='word_1_160' title='bbox 378 1807 622 1841; x_wconf 87' lang='lat' dir='ltr'>necessitatibus</span> <span class='ocrx_word' id='word_1_161' title='bbox 648 1809 777 1848; x_wconf 80' lang='lat' dir='ltr'>habere,</span> <span class='ocrx_word' id='word_1_162' title='bbox 796 1820 855 1842; x_wconf 86' lang='lat' dir='ltr'>nec</span> <span class='ocrx_word' id='word_1_163' title='bbox 873 1810 965 1843; x_wconf 83' lang='lat' dir='ltr'>alicui</span> 
     </span>
     <span class='ocr_line' id='line_1_32' title="bbox 232 1857 967 1905; baseline 0.007 -15"><span class='ocrx_word' id='word_1_164' title='bbox 232 1857 382 1892; x_wconf 88' lang='lat' dir='ltr'>similiter</span> <span class='ocrx_word' id='word_1_165' title='bbox 409 1859 504 1893; x_wconf 87' lang='lat' dir='ltr'>liceat</span> <span class='ocrx_word' id='word_1_166' title='bbox 539 1862 729 1894; x_wconf 84' lang='lat' dir='ltr'>munuscula</span> <span class='ocrx_word' id='word_1_167' title='bbox 763 1863 967 1905; x_wconf 72' lang='lat' dir='ltr'>quantumvis</span> 
     </span>
     <span class='ocr_line' id='line_1_33' title="bbox 231 1911 969 1958; baseline 0.004 -14"><span class='ocrx_word' id='word_1_168' title='bbox 231 1911 315 1944; x_wconf 87' lang='lat' dir='ltr'>levia</span> <span class='ocrx_word' id='word_1_169' title='bbox 341 1912 418 1945; x_wconf 88' lang='lat' dir='ltr'>dare</span> <span class='ocrx_word' id='word_1_170' title='bbox 443 1913 492 1945; x_wconf 92' lang='lat' dir='ltr'>vel</span> <span class='ocrx_word' id='word_1_171' title='bbox 517 1913 671 1956; x_wconf 89' lang='lat' dir='ltr'>recipere,</span> <span class='ocrx_word' id='word_1_172' title='bbox 688 1914 859 1957; x_wconf 86' lang='lat' dir='ltr'>omniaque</span> <span class='ocrx_word' id='word_1_173' title='bbox 877 1926 969 1958; x_wconf 89' lang='lat' dir='ltr'>prae-</span> 
     </span>
     <span class='ocr_line' id='line_1_34' title="bbox 230 1964 966 2008; baseline 0.005 -12"><span class='ocrx_word' id='word_1_174' title='bbox 230 1964 296 1998; x_wconf 84' lang='lat' dir='ltr'>lato</span> <span class='ocrx_word' id='word_1_175' title='bbox 322 1969 354 1996; x_wconf 92' lang='lat' dir='ltr'>et</span> <span class='ocrx_word' id='word_1_176' title='bbox 379 1964 446 1997; x_wconf 91' lang='lat' dir='ltr'>eius</span> <span class='ocrx_word' id='word_1_177' title='bbox 467 1965 670 2008; x_wconf 83' lang='lat' dir='ltr'>dispositioni</span> <span class='ocrx_word' id='word_1_178' title='bbox 689 1967 825 2007; x_wconf 83' lang='lat' dir='ltr'>subsint,</span> <span class='ocrx_word' id='word_1_179' title='bbox 844 1978 880 1999; x_wconf 90' lang='lat' dir='ltr'>ac</span> <span class='ocrx_word' id='word_1_180' title='bbox 899 1968 966 2000; x_wconf 86' lang='lat' dir='ltr'>sine</span> 
     </span>
     <span class='ocr_line' id='line_1_35' title="bbox 231 2016 968 2063; baseline 0.004 -14"><span class='ocrx_word' id='word_1_181' title='bbox 231 2017 301 2049; x_wconf 90' lang='lat' dir='ltr'>eius</span> <span class='ocrx_word' id='word_1_182' title='bbox 327 2016 457 2050; x_wconf 80' lang='lat' dir='ltr'>licentia</span> <span class='ocrx_word' id='word_1_183' title='bbox 486 2018 568 2051; x_wconf 88' lang='lat' dir='ltr'>nihil</span> <span class='ocrx_word' id='word_1_184' title='bbox 594 2019 686 2051; x_wconf 89' lang='lat' dir='ltr'>detur</span> <span class='ocrx_word' id='word_1_185' title='bbox 715 2021 762 2052; x_wconf 77' lang='lat' dir='ltr'>vel</span> <span class='ocrx_word' id='word_1_186' title='bbox 796 2020 968 2063; x_wconf 83' lang='lat' dir='ltr'>recipiatur</span> 
     </span>
     <span class='ocr_line' id='line_1_36' title="bbox 232 2068 968 2112; baseline 0.007 -12"><span class='ocrx_word' id='word_1_187' title='bbox 232 2068 263 2100; x_wconf 90' lang='lat' dir='ltr'>in</span> <span class='ocrx_word' id='word_1_188' title='bbox 291 2069 442 2112; x_wconf 79' lang='lat' dir='ltr'>praefatis</span> <span class='ocrx_word' id='word_1_189' title='bbox 478 2070 672 2103; x_wconf 74' lang='lat' dir='ltr'>seminarHs.</span> <span class='ocrx_word' id='word_1_190' title='bbox 706 2071 863 2104; x_wconf 84' lang='lat' dir='ltr'>Praedicti</span> <span class='ocrx_word' id='word_1_191' title='bbox 895 2083 968 2105; x_wconf 80' lang='lat' dir='ltr'>con-</span> 
     </span>
     <span class='ocr_line' id='line_1_37' title="bbox 231 2122 968 2164; baseline 0.008 -11"><span class='ocrx_word' id='word_1_192' title='bbox 231 2127 347 2154; x_wconf 87' lang='lat' dir='ltr'>ventus</span> <span class='ocrx_word' id='word_1_193' title='bbox 372 2122 404 2154; x_wconf 90' lang='lat' dir='ltr'>in</span> <span class='ocrx_word' id='word_1_194' title='bbox 429 2122 602 2156; x_wconf 85' lang='lat' dir='ltr'>seminaria</span> <span class='ocrx_word' id='word_1_195' title='bbox 620 2124 726 2164; x_wconf 84' lang='lat' dir='ltr'>erecti,</span> <span class='ocrx_word' id='word_1_196' title='bbox 747 2130 778 2157; x_wconf 86' lang='lat' dir='ltr'>ct</span> <span class='ocrx_word' id='word_1_197' title='bbox 798 2126 968 2159; x_wconf 86' lang='lat' dir='ltr'>seminaria</span> 
     </span>
     <span class='ocr_line' id='line_1_38' title="bbox 233 2173 968 2222; baseline 0.01 -17"><span class='ocrx_word' id='word_1_198' title='bbox 233 2173 404 2214; x_wconf 81' lang='lat' dir='ltr'>fundanda,</span> <span class='ocrx_word' id='word_1_199' title='bbox 432 2176 537 2218; x_wconf 87' lang='lat' dir='ltr'>quoad</span> <span class='ocrx_word' id='word_1_200' title='bbox 563 2176 722 2218; x_wconf 82' lang='lat' dir='ltr'>regimen,</span> <span class='ocrx_word' id='word_1_201' title='bbox 750 2178 868 2211; x_wconf 88' lang='lat' dir='ltr'>nullius</span> <span class='ocrx_word' id='word_1_202' title='bbox 894 2190 968 2222; x_wconf 92' lang='lat' dir='ltr'>pro-</span> 
     </span>
     <span class='ocr_line' id='line_1_39' title="bbox 231 2227 965 2272; baseline 0.008 -13"><span class='ocrx_word' id='word_1_203' title='bbox 231 2227 355 2260; x_wconf 81' lang='lat' dir='ltr'>vinciae</span> <span class='ocrx_word' id='word_1_204' title='bbox 369 2227 444 2268; x_wconf 91' lang='lat' dir='ltr'>sint,</span> <span class='ocrx_word' id='word_1_205' title='bbox 458 2233 489 2260; x_wconf 95' lang='lat' dir='ltr'>et</span> <span class='ocrx_word' id='word_1_206' title='bbox 505 2229 667 2271; x_wconf 86' lang='lat' dir='ltr'>superiori</span> <span class='ocrx_word' id='word_1_207' title='bbox 680 2231 822 2272; x_wconf 81' lang='lat' dir='ltr'>generali</span> <span class='ocrx_word' id='word_1_208' title='bbox 839 2232 965 2265; x_wconf 92' lang='lat' dir='ltr'>illarum</span> 
     </span>
     <span class='ocr_line' id='line_1_40' title="bbox 232 2280 966 2324; baseline 0.008 -12"><span class='ocrx_word' id='word_1_209' title='bbox 232 2280 392 2323; x_wconf 85' lang='lat' dir='ltr'>partium,</span> <span class='ocrx_word' id='word_1_210' title='bbox 423 2281 454 2313; x_wconf 90' lang='lat' dir='ltr'>in</span> <span class='ocrx_word' id='word_1_211' title='bbox 480 2282 596 2324; x_wconf 89' lang='lat' dir='ltr'>quibus</span> <span class='ocrx_word' id='word_1_212' title='bbox 621 2283 756 2323; x_wconf 81' lang='lat' dir='ltr'>suerint,</span> <span class='ocrx_word' id='word_1_213' title='bbox 782 2283 966 2318; x_wconf 85' lang='lat' dir='ltr'>immediate</span> 
     </span>
     <span class='ocr_line' id='line_1_41' title="bbox 233 2331 967 2380; baseline 0.008 -16"><span class='ocrx_word' id='word_1_214' title='bbox 233 2333 368 2365; x_wconf 86' lang='lat' dir='ltr'>subsint.</span> <span class='ocrx_word' id='word_1_215' title='bbox 399 2334 453 2373; x_wconf 78' lang='lat' dir='ltr'>At,</span> <span class='ocrx_word' id='word_1_216' title='bbox 480 2331 635 2376; x_wconf 73' lang='lat' dir='ltr'>quantum</span> <span class='ocrx_word' id='word_1_217' title='bbox 660 2335 699 2367; x_wconf 91' lang='lat' dir='ltr'>ad</span> <span class='ocrx_word' id='word_1_218' title='bbox 730 2335 880 2378; x_wconf 79' lang='lat' dir='ltr'>sutl&#39;ragia</span> <span class='ocrx_word' id='word_1_219' title='bbox 909 2348 967 2380; x_wconf 91' lang='lat' dir='ltr'>pro</span> 
     </span>
     <span class='ocr_line' id='line_1_42' title="bbox 233 2384 968 2425; baseline 0.007 -8"><span class='ocrx_word' id='word_1_220' title='bbox 233 2384 391 2418; x_wconf 78' lang='lat' dir='ltr'>defunctis</span> <span class='ocrx_word' id='word_1_221' title='bbox 416 2386 577 2425; x_wconf 63' lang='lat' dir='ltr'>fratribtffi,</span> <span class='ocrx_word' id='word_1_222' title='bbox 597 2387 822 2419; x_wconf 88' lang='lat' dir='ltr'>commercium</span> <span class='ocrx_word' id='word_1_223' title='bbox 848 2389 968 2422; x_wconf 81' lang='lat' dir='ltr'>fratcr-</span> 
     </span>
     <span class='ocr_line' id='line_1_43' title="bbox 232 2438 970 2485; baseline 0.005 -15"><span class='ocrx_word' id='word_1_224' title='bbox 232 2439 306 2471; x_wconf 87' lang='lat' dir='ltr'>nale</span> <span class='ocrx_word' id='word_1_225' title='bbox 332 2438 473 2471; x_wconf 87' lang='lat' dir='ltr'>habeant</span> <span class='ocrx_word' id='word_1_226' title='bbox 497 2449 568 2471; x_wconf 88' lang='lat' dir='ltr'>cum</span> <span class='ocrx_word' id='word_1_227' title='bbox 588 2438 650 2471; x_wconf 90' lang='lat' dir='ltr'>illis</span> <span class='ocrx_word' id='word_1_228' title='bbox 670 2440 845 2481; x_wconf 86' lang='lat' dir='ltr'>provinciis</span> <span class='ocrx_word' id='word_1_229' title='bbox 866 2451 883 2474; x_wconf 89' lang='lat' dir='ltr'>a</span> <span class='ocrx_word' id='word_1_230' title='bbox 901 2442 970 2485; x_wconf 89' lang='lat' dir='ltr'>qui-</span> 
     </span>
     <span class='ocr_line' id='line_1_44' title="bbox 232 2490 967 2538; baseline 0.005 -14"><span class='ocrx_word' id='word_1_231' title='bbox 232 2490 293 2524; x_wconf 87' lang='lat' dir='ltr'>bus</span> <span class='ocrx_word' id='word_1_232' title='bbox 319 2491 449 2524; x_wconf 82' lang='lat' dir='ltr'>suerunt</span> <span class='ocrx_word' id='word_1_233' title='bbox 473 2493 623 2535; x_wconf 86' lang='lat' dir='ltr'>separati,</span> <span class='ocrx_word' id='word_1_234' title='bbox 652 2493 699 2534; x_wconf 85' lang='lat' dir='ltr'>vel</span> <span class='ocrx_word' id='word_1_235' title='bbox 725 2493 809 2527; x_wconf 90' lang='lat' dir='ltr'>intra</span> <span class='ocrx_word' id='word_1_236' title='bbox 833 2506 967 2538; x_wconf 84' lang='lat' dir='ltr'>quarum</span> 
     </span>
     <span class='ocr_line' id='line_1_45' title="bbox 233 2544 970 2590; baseline 0.005 -13"><span class='ocrx_word' id='word_1_237' title='bbox 233 2544 349 2578; x_wconf 87' lang='lat' dir='ltr'>limites</span> <span class='ocrx_word' id='word_1_238' title='bbox 365 2551 584 2588; x_wconf 86' lang='lat' dir='ltr'>perseverent;</span> <span class='ocrx_word' id='word_1_239' title='bbox 601 2545 679 2578; x_wconf 88' lang='lat' dir='ltr'>itaut</span> <span class='ocrx_word' id='word_1_240' title='bbox 692 2549 867 2580; x_wconf 74' lang='lat' dir='ltr'>conventus</span> <span class='ocrx_word' id='word_1_241' title='bbox 882 2559 970 2590; x_wconf 86' lang='lat' dir='ltr'>prae-</span> 
     </span>
    </p>
   </div>
   <div class='ocr_carea' id='block_1_4' title="bbox 223 2597 971 2644">
    <p class='ocr_par' dir='ltr' id='par_1_4' title="bbox 223 2597 971 2644">
     <span class='ocr_line' id='line_1_46' title="bbox 223 2597 971 2644; baseline 0.004 -14"><span class='ocrx_word' id='word_1_242' title='bbox 223 2597 310 2644; x_wconf 20' lang='lat' dir='ltr'>,dicti</span> <span class='ocrx_word' id='word_1_243' title='bbox 336 2597 451 2630; x_wconf 76' lang='lat' dir='ltr'>fratres</span> <span class='ocrx_word' id='word_1_244' title='bbox 483 2598 586 2631; x_wconf 83' lang='lat' dir='ltr'>officia</span> <span class='ocrx_word' id='word_1_245' title='bbox 610 2604 641 2632; x_wconf 88' lang='lat' dir='ltr'>et</span> <span class='ocrx_word' id='word_1_246' title='bbox 664 2599 776 2632; x_wconf 87' lang='lat' dir='ltr'>missas</span> <span class='ocrx_word' id='word_1_247' title='bbox 802 2600 887 2632; x_wconf 86' lang='lat' dir='ltr'>iuxta</span> <span class='ocrx_word' id='word_1_248' title='bbox 912 2606 971 2633; x_wconf 86' lang='lat' dir='ltr'>sta-</span> 
     </span>
    </p>
   </div>
   <div class='ocr_carea' id='block_1_5' title="bbox 270 2658 969 2698">
    <p class='ocr_par' dir='ltr' id='par_1_5' title="bbox 270 2658 969 2698">
     <span class='ocr_line' id='line_1_47' title="bbox 270 2658 969 2698; baseline 0.006 -14"><span class='ocrx_word' id='word_1_249' title='bbox 270 2659 281 2687; x_wconf 81' lang='grc'>1</span> <span class='ocrx_word' id='word_1_250' title='bbox 299 2658 398 2685; x_wconf 82' lang='lat' dir='ltr'>Partic.</span> <span class='ocrx_word' id='word_1_251' title='bbox 416 2667 472 2687; x_wconf 71' lang='lat' dir='ltr'>non</span> <span class='ocrx_word' id='word_1_252' title='bbox 490 2659 533 2687; x_wconf 80' lang='lat' dir='ltr'>hie</span> <span class='ocrx_word' id='word_1_253' title='bbox 544 2663 570 2687; x_wconf 79' lang='lat' dir='ltr'>et</span> <span class='ocrx_word' id='word_1_254' title='bbox 585 2660 663 2696; x_wconf 89' lang='lat' dir='ltr'>paulo</span> <span class='ocrx_word' id='word_1_255' title='bbox 675 2664 734 2696; x_wconf 85' lang='lat' dir='ltr'>post</span> <span class='ocrx_word' id='word_1_256' title='bbox 745 2660 859 2688; x_wconf 80' lang='lat' dir='ltr'>delenda</span> <span class='ocrx_word' id='word_1_257' title='bbox 872 2662 910 2698; x_wconf 83' lang='lat' dir='ltr'>(n.</span> <span class='ocrx_word' id='word_1_258' title='bbox 921 2663 969 2695; x_wconf 68' lang='lat' dir='ltr'>r),</span> 
     </span>
    </p>
   </div>
   <div class='ocr_carea' id='block_1_6' title="bbox 1010 332 1762 2701">
    <p class='ocr_par' dir='ltr' id='par_1_6' title="bbox 1010 332 1762 2701">
     <span class='ocr_line' id='line_1_48' title="bbox 1013 332 1748 377; baseline 0 -11"><span class='ocrx_word' id='word_1_259' title='bbox 1013 339 1078 366; x_wconf 87' lang='lat' dir='ltr'>tuta</span> <span class='ocrx_word' id='word_1_260' title='bbox 1102 333 1265 377; x_wconf 81' lang='lat' dir='ltr'>generalia</span> <span class='ocrx_word' id='word_1_261' title='bbox 1289 342 1347 377; x_wconf 90' lang='lat' dir='ltr'>pro</span> <span class='ocrx_word' id='word_1_262' title='bbox 1373 332 1519 377; x_wconf 87' lang='lat' dir='ltr'>quolibet</span> <span class='ocrx_word' id='word_1_263' title='bbox 1543 332 1640 366; x_wconf 81' lang='lat' dir='ltr'>fratre</span> <span class='ocrx_word' id='word_1_264' title='bbox 1665 333 1748 366; x_wconf 90' lang='lat' dir='ltr'>eius-</span> 
     </span>
     <span class='ocr_line' id='line_1_49' title="bbox 1012 386 1747 430; baseline 0 -10"><span class='ocrx_word' id='word_1_265' title='bbox 1012 387 1083 420; x_wconf 90' lang='lat' dir='ltr'>dem</span> <span class='ocrx_word' id='word_1_266' title='bbox 1119 386 1302 430; x_wconf 88' lang='lat' dir='ltr'>provinciae</span> <span class='ocrx_word' id='word_1_267' title='bbox 1338 386 1405 420; x_wconf 83' lang='lat' dir='ltr'>filio</span> <span class='ocrx_word' id='word_1_268' title='bbox 1448 386 1624 420; x_wconf 87' lang='lat' dir='ltr'>decedente</span> <span class='ocrx_word' id='word_1_269' title='bbox 1662 387 1747 420; x_wconf 89' lang='lat' dir='ltr'>cele-</span> 
     </span>
     <span class='ocr_line' id='line_1_50' title="bbox 1011 438 1747 482; baseline 0.003 -11"><span class='ocrx_word' id='word_1_270' title='bbox 1011 438 1118 479; x_wconf 84' lang='lat' dir='ltr'>brent,</span> <span class='ocrx_word' id='word_1_271' title='bbox 1137 444 1168 472; x_wconf 89' lang='lat' dir='ltr'>et</span> <span class='ocrx_word' id='word_1_272' title='bbox 1186 439 1324 473; x_wconf 87' lang='lat' dir='ltr'>vicissim</span> <span class='ocrx_word' id='word_1_273' title='bbox 1346 450 1364 472; x_wconf 92' lang='lat' dir='ltr'>a</span> <span class='ocrx_word' id='word_1_274' title='bbox 1387 438 1521 482; x_wconf 81' lang='lat' dir='ltr'>singulis</span> <span class='ocrx_word' id='word_1_275' title='bbox 1538 440 1747 473; x_wconf 87' lang='lat' dir='ltr'>conventibus</span> 
     </span>
     <span class='ocr_line' id='line_1_51' title="bbox 1012 492 1749 535; baseline 0.004 -12"><span class='ocrx_word' id='word_1_276' title='bbox 1012 496 1044 523; x_wconf 86' lang='lat' dir='ltr'>et</span> <span class='ocrx_word' id='word_1_277' title='bbox 1066 492 1216 525; x_wconf 81' lang='lat' dir='ltr'>fratribus</span> <span class='ocrx_word' id='word_1_278' title='bbox 1240 492 1424 535; x_wconf 87' lang='lat' dir='ltr'>provinciae</span> <span class='ocrx_word' id='word_1_279' title='bbox 1450 493 1561 525; x_wconf 84' lang='lat' dir='ltr'>eadem</span> <span class='ocrx_word' id='word_1_280' title='bbox 1582 493 1749 526; x_wconf 86' lang='lat' dir='ltr'>celebren-</span> 
     </span>
     <span class='ocr_line' id='line_1_52' title="bbox 1013 545 1749 588; baseline 0 -11"><span class='ocrx_word' id='word_1_281' title='bbox 1013 550 1063 577; x_wconf 84' lang='lat' dir='ltr'>tur</span> <span class='ocrx_word' id='word_1_282' title='bbox 1086 556 1144 588; x_wconf 91' lang='lat' dir='ltr'>pro</span> <span class='ocrx_word' id='word_1_283' title='bbox 1161 545 1308 588; x_wconf 88' lang='lat' dir='ltr'>quolibet</span> <span class='ocrx_word' id='word_1_284' title='bbox 1328 545 1425 577; x_wconf 80' lang='lat' dir='ltr'>fratrc</span> <span class='ocrx_word' id='word_1_285' title='bbox 1444 545 1598 588; x_wconf 83' lang='lat' dir='ltr'>praedicti</span> <span class='ocrx_word' id='word_1_286' title='bbox 1614 545 1749 578; x_wconf 87' lang='lat' dir='ltr'>semina-</span> 
     </span>
     <span class='ocr_line' id='line_1_53' title="bbox 1012 596 1748 630; baseline 0.003 -2"><span class='ocrx_word' id='word_1_287' title='bbox 1012 597 1050 629; x_wconf 90' lang='lat' dir='ltr'>rii</span> <span class='ocrx_word' id='word_1_288' title='bbox 1075 597 1212 630; x_wconf 89' lang='lat' dir='ltr'>ubilibet</span> <span class='ocrx_word' id='word_1_289' title='bbox 1229 597 1402 630; x_wconf 81' lang='lat' dir='ltr'>moriente:</span> <span class='ocrx_word' id='word_1_290' title='bbox 1420 597 1459 629; x_wconf 90' lang='lat' dir='ltr'>ad</span> <span class='ocrx_word' id='word_1_291' title='bbox 1485 597 1574 630; x_wconf 90' lang='lat' dir='ltr'>cuius</span> <span class='ocrx_word' id='word_1_292' title='bbox 1598 596 1748 630; x_wconf 77' lang='lat' dir='ltr'>effectum</span> 
     </span>
     <span class='ocr_line' id='line_1_54' title="bbox 1011 649 1749 692; baseline 0.004 -12"><span class='ocrx_word' id='word_1_293' title='bbox 1011 649 1220 691; x_wconf 88' lang='lat' dir='ltr'>provincialis</span> <span class='ocrx_word' id='word_1_294' title='bbox 1240 649 1382 682; x_wconf 90' lang='lat' dir='ltr'>omnium</span> <span class='ocrx_word' id='word_1_295' title='bbox 1401 660 1475 682; x_wconf 86' lang='lat' dir='ltr'>suae</span> <span class='ocrx_word' id='word_1_296' title='bbox 1492 649 1677 692; x_wconf 89' lang='lat' dir='ltr'>provinciae</span> <span class='ocrx_word' id='word_1_297' title='bbox 1695 650 1749 683; x_wconf 89' lang='lat' dir='ltr'>de·</span> 
     </span>
     <span class='ocr_line' id='line_1_55' title="bbox 1011 701 1749 745; baseline 0.005 -13"><span class='ocrx_word' id='word_1_298' title='bbox 1011 701 1193 735; x_wconf 86' lang='lat' dir='ltr'>functorum</span> <span class='ocrx_word' id='word_1_299' title='bbox 1207 702 1352 734; x_wconf 88' lang='lat' dir='ltr'>notitiam</span> <span class='ocrx_word' id='word_1_300' title='bbox 1367 702 1406 735; x_wconf 86' lang='lat' dir='ltr'>ad</span> <span class='ocrx_word' id='word_1_301' title='bbox 1420 702 1632 745; x_wconf 82' lang='lat' dir='ltr'>guardianum</span> <span class='ocrx_word' id='word_1_302' title='bbox 1650 707 1749 736; x_wconf 88' lang='lat' dir='ltr'>trans-</span> 
     </span>
     <span class='ocr_line' id='line_1_56' title="bbox 1011 755 1749 797; baseline 0.003 -11"><span class='ocrx_word' id='word_1_303' title='bbox 1011 755 1137 795; x_wconf 86' lang='lat' dir='ltr'>mittat,</span> <span class='ocrx_word' id='word_1_304' title='bbox 1164 759 1196 787; x_wconf 88' lang='lat' dir='ltr'>et</span> <span class='ocrx_word' id='word_1_305' title='bbox 1219 755 1415 797; x_wconf 82' lang='lat' dir='ltr'>guardianus</span> <span class='ocrx_word' id='word_1_306' title='bbox 1444 755 1667 789; x_wconf 77' lang='lat' dir='ltr'>detunctorum</span> <span class='ocrx_word' id='word_1_307' title='bbox 1699 755 1749 788; x_wconf 87' lang='lat' dir='ltr'>sui</span> 
     </span>
     <span class='ocr_line' id='line_1_57' title="bbox 1010 806 1749 852; baseline 0.003 -13"><span class='ocrx_word' id='word_1_308' title='bbox 1010 806 1172 839; x_wconf 86' lang='lat' dir='ltr'>seminarii</span> <span class='ocrx_word' id='word_1_309' title='bbox 1194 807 1233 839; x_wconf 87' lang='lat' dir='ltr'>ad</span> <span class='ocrx_word' id='word_1_310' title='bbox 1257 807 1498 850; x_wconf 83' lang='lat' dir='ltr'>provincialem.</span> <span class='ocrx_word' id='word_1_311' title='bbox 1523 808 1668 841; x_wconf 85' lang='lat' dir='ltr'>Ceterum</span> <span class='ocrx_word' id='word_1_312' title='bbox 1695 809 1749 852; x_wconf 90' lang='lat' dir='ltr'>(ne</span> 
     </span>
     <span class='ocr_line' id='line_1_58' title="bbox 1010 858 1751 904; baseline 0.005 -14"><span class='ocrx_word' id='word_1_313' title='bbox 1010 859 1096 891; x_wconf 90' lang='lat' dir='ltr'>inter</span> <span class='ocrx_word' id='word_1_314' title='bbox 1118 858 1341 892; x_wconf 83' lang='lat' dir='ltr'>missionarios</span> <span class='ocrx_word' id='word_1_315' title='bbox 1360 864 1391 892; x_wconf 90' lang='lat' dir='ltr'>et</span> <span class='ocrx_word' id='word_1_316' title='bbox 1408 860 1641 903; x_wconf 76' lang='lat' dir='ltr'>provinciarum</span> <span class='ocrx_word' id='word_1_317' title='bbox 1660 871 1751 904; x_wconf 88' lang='lat' dir='ltr'>prae-</span> 
     </span>
     <span class='ocr_line' id='line_1_59' title="bbox 1011 912 1750 957; baseline 0.004 -13"><span class='ocrx_word' id='word_1_318' title='bbox 1011 913 1146 945; x_wconf 79' lang='lat' dir='ltr'>fatarum</span> <span class='ocrx_word' id='word_1_319' title='bbox 1173 912 1287 945; x_wconf 84' lang='lat' dir='ltr'>fratres</span> <span class='ocrx_word' id='word_1_320' title='bbox 1305 923 1341 946; x_wconf 86' lang='lat' dir='ltr'>ac</span> <span class='ocrx_word' id='word_1_321' title='bbox 1361 913 1547 956; x_wconf 90' lang='lat' dir='ltr'>superiores</span> <span class='ocrx_word' id='word_1_322' title='bbox 1565 914 1674 957; x_wconf 86' lang='lat' dir='ltr'>aliqua</span> <span class='ocrx_word' id='word_1_323' title='bbox 1691 925 1750 947; x_wconf 91' lang='lat' dir='ltr'>un-</span> 
     </span>
     <span class='ocr_line' id='line_1_60' title="bbox 1011 965 1751 1010; baseline 0.005 -14"><span class='ocrx_word' id='word_1_324' title='bbox 1011 975 1106 1008; x_wconf 85' lang='lat' dir='ltr'>quam</span> <span class='ocrx_word' id='word_1_325' title='bbox 1132 965 1256 998; x_wconf 88' lang='lat' dir='ltr'>oriatur</span> <span class='ocrx_word' id='word_1_326' title='bbox 1272 965 1439 998; x_wconf 87' lang='lat' dir='ltr'>contentio</span> <span class='ocrx_word' id='word_1_327' title='bbox 1460 967 1507 999; x_wconf 83' lang='lat' dir='ltr'>vel</span> <span class='ocrx_word' id='word_1_328' title='bbox 1526 966 1694 1010; x_wconf 89' lang='lat' dir='ltr'>oppositio,</span> <span class='ocrx_word' id='word_1_329' title='bbox 1718 972 1751 1000; x_wconf 81' lang='lat' dir='ltr'>et</span> 
     </span>
     <span class='ocr_line' id='line_1_61' title="bbox 1010 1019 1750 1063; baseline 0.005 -14"><span class='ocrx_word' id='word_1_330' title='bbox 1010 1022 1056 1057; x_wconf 86' lang='lat' dir='ltr'>ut,</span> <span class='ocrx_word' id='word_1_331' title='bbox 1084 1028 1165 1061; x_wconf 89' lang='lat' dir='ltr'>quos</span> <span class='ocrx_word' id='word_1_332' title='bbox 1190 1019 1302 1051; x_wconf 85' lang='lat' dir='ltr'>eadem</span> <span class='ocrx_word' id='word_1_333' title='bbox 1328 1024 1431 1052; x_wconf 89' lang='lat' dir='ltr'>mater</span> <span class='ocrx_word' id='word_1_334' title='bbox 1457 1019 1670 1062; x_wconf 84' lang='lat' dir='ltr'>spiritualiter</span> <span class='ocrx_word' id='word_1_335' title='bbox 1695 1030 1750 1063; x_wconf 84' lang='lat' dir='ltr'>ge-</span> 
     </span>
     <span class='ocr_line' id='line_1_62' title="bbox 1011 1070 1750 1114; baseline 0.004 -12"><span class='ocrx_word' id='word_1_336' title='bbox 1011 1070 1079 1102; x_wconf 88' lang='lat' dir='ltr'>nuit</span> <span class='ocrx_word' id='word_1_337' title='bbox 1103 1075 1135 1103; x_wconf 88' lang='lat' dir='ltr'>et</span> <span class='ocrx_word' id='word_1_338' title='bbox 1158 1070 1312 1110; x_wconf 84' lang='lat' dir='ltr'>educavit,</span> <span class='ocrx_word' id='word_1_339' title='bbox 1329 1070 1501 1114; x_wconf 88' lang='lat' dir='ltr'>disparitas</span> <span class='ocrx_word' id='word_1_340' title='bbox 1522 1072 1665 1105; x_wconf 89' lang='lat' dir='ltr'>muneris</span> <span class='ocrx_word' id='word_1_341' title='bbox 1684 1082 1750 1106; x_wconf 88' lang='lat' dir='ltr'>non</span> 
     </span>
     <span class='ocr_line' id='line_1_63' title="bbox 1011 1123 1749 1165; baseline 0.004 -10"><span class='ocrx_word' id='word_1_342' title='bbox 1011 1128 1150 1165; x_wconf 88' lang='lat' dir='ltr'>separet,</span> <span class='ocrx_word' id='word_1_343' title='bbox 1166 1129 1198 1156; x_wconf 88' lang='lat' dir='ltr'>et</span> <span class='ocrx_word' id='word_1_344' title='bbox 1216 1123 1397 1156; x_wconf 83' lang='lat' dir='ltr'>fraternalis</span> <span class='ocrx_word' id='word_1_345' title='bbox 1415 1124 1566 1165; x_wconf 90' lang='lat' dir='ltr'>amicitia,</span> <span class='ocrx_word' id='word_1_346' title='bbox 1585 1125 1749 1158; x_wconf 87' lang='lat' dir='ltr'>curialitas</span> 
     </span>
     <span class='ocr_line' id='line_1_64' title="bbox 1011 1176 1751 1219; baseline 0.005 -12"><span class='ocrx_word' id='word_1_347' title='bbox 1011 1186 1047 1207; x_wconf 81' lang='lat' dir='ltr'>ac</span> <span class='ocrx_word' id='word_1_348' title='bbox 1071 1180 1182 1209; x_wconf 90' lang='lat' dir='ltr'>mutua</span> <span class='ocrx_word' id='word_1_349' title='bbox 1207 1176 1410 1219; x_wconf 87' lang='lat' dir='ltr'>hospitalitas</span> <span class='ocrx_word' id='word_1_350' title='bbox 1443 1177 1585 1211; x_wconf 85' lang='lat' dir='ltr'>strictius</span> <span class='ocrx_word' id='word_1_351' title='bbox 1615 1179 1751 1211; x_wconf 87' lang='lat' dir='ltr'>coniun-</span> 
     </span>
     <span class='ocr_line' id='line_1_65' title="bbox 1011 1228 1751 1274; baseline 0.005 -15"><span class='ocrx_word' id='word_1_352' title='bbox 1011 1228 1084 1269; x_wconf 86' lang='lat' dir='ltr'>gat)</span> <span class='ocrx_word' id='word_1_353' title='bbox 1119 1229 1356 1271; x_wconf 88' lang='lat' dir='ltr'>praedictorum</span> <span class='ocrx_word' id='word_1_354' title='bbox 1383 1229 1630 1263; x_wconf 85' lang='lat' dir='ltr'>seminariorum</span> <span class='ocrx_word' id='word_1_355' title='bbox 1656 1240 1751 1274; x_wconf 90' lang='lat' dir='ltr'>supe-</span> 
     </span>
     <span class='ocr_line' id='line_1_66' title="bbox 1011 1280 1749 1326; baseline 0.005 -14"><span class='ocrx_word' id='word_1_356' title='bbox 1011 1280 1150 1313; x_wconf 85' lang='lat' dir='ltr'>rioribus</span> <span class='ocrx_word' id='word_1_357' title='bbox 1174 1281 1283 1314; x_wconf 83' lang='lat' dir='ltr'>stricte</span> <span class='ocrx_word' id='word_1_358' title='bbox 1307 1282 1534 1325; x_wconf 89' lang='lat' dir='ltr'>praecipimus,</span> <span class='ocrx_word' id='word_1_359' title='bbox 1553 1288 1598 1321; x_wconf 87' lang='lat' dir='ltr'>ut,</span> <span class='ocrx_word' id='word_1_360' title='bbox 1619 1283 1749 1326; x_wconf 89' lang='lat' dir='ltr'>quando</span> 
     </span>
     <span class='ocr_line' id='line_1_67' title="bbox 1011 1333 1751 1379; baseline 0.005 -14"><span class='ocrx_word' id='word_1_361' title='bbox 1011 1333 1217 1376; x_wconf 83' lang='lat' dir='ltr'>provincialis</span> <span class='ocrx_word' id='word_1_362' title='bbox 1234 1334 1320 1367; x_wconf 92' lang='lat' dir='ltr'>illius</span> <span class='ocrx_word' id='word_1_363' title='bbox 1345 1335 1542 1378; x_wconf 87' lang='lat' dir='ltr'>provinciae,</span> <span class='ocrx_word' id='word_1_364' title='bbox 1565 1335 1596 1368; x_wconf 94' lang='lat' dir='ltr'>in</span> <span class='ocrx_word' id='word_1_365' title='bbox 1618 1347 1680 1379; x_wconf 88' lang='lat' dir='ltr'>qua</span> <span class='ocrx_word' id='word_1_366' title='bbox 1701 1347 1751 1369; x_wconf 91' lang='lat' dir='ltr'>sc-</span> 
     </span>
     <span class='ocr_line' id='line_1_68' title="bbox 1011 1386 1750 1430; baseline 0.007 -13"><span class='ocrx_word' id='word_1_367' title='bbox 1011 1386 1182 1419; x_wconf 86' lang='lat' dir='ltr'>minarium</span> <span class='ocrx_word' id='word_1_368' title='bbox 1208 1386 1310 1425; x_wconf 85' lang='lat' dir='ltr'>suerit,</span> <span class='ocrx_word' id='word_1_369' title='bbox 1337 1387 1457 1430; x_wconf 87' lang='lat' dir='ltr'>hospes</span> <span class='ocrx_word' id='word_1_370' title='bbox 1490 1388 1528 1420; x_wconf 89' lang='lat' dir='ltr'>ad</span> <span class='ocrx_word' id='word_1_371' title='bbox 1554 1388 1634 1421; x_wconf 89' lang='lat' dir='ltr'>illud</span> <span class='ocrx_word' id='word_1_372' title='bbox 1659 1400 1750 1422; x_wconf 87' lang='lat' dir='ltr'>accc-</span> 
     </span>
     <span class='ocr_line' id='line_1_69' title="bbox 1011 1438 1749 1479; baseline 0.007 -9"><span class='ocrx_word' id='word_1_373' title='bbox 1011 1438 1075 1479; x_wconf 85' lang='lat' dir='ltr'>dat,</span> <span class='ocrx_word' id='word_1_374' title='bbox 1102 1449 1174 1471; x_wconf 90' lang='lat' dir='ltr'>eum</span> <span class='ocrx_word' id='word_1_375' title='bbox 1201 1449 1236 1472; x_wconf 90' lang='lat' dir='ltr'>ac</span> <span class='ocrx_word' id='word_1_376' title='bbox 1269 1439 1355 1472; x_wconf 86' lang='lat' dir='ltr'>illius</span> <span class='ocrx_word' id='word_1_377' title='bbox 1382 1440 1534 1473; x_wconf 85' lang='lat' dir='ltr'>familiam</span> <span class='ocrx_word' id='word_1_378' title='bbox 1559 1441 1749 1476; x_wconf 78' lang='lat' dir='ltr'>charitative</span> 
     </span>
     <span class='ocr_line' id='line_1_70' title="bbox 1010 1491 1748 1536; baseline 0.007 -14"><span class='ocrx_word' id='word_1_379' title='bbox 1010 1491 1195 1534; x_wconf 88' lang='lat' dir='ltr'>recipiant,</span> <span class='ocrx_word' id='word_1_380' title='bbox 1222 1497 1253 1524; x_wconf 87' lang='lat' dir='ltr'>et</span> <span class='ocrx_word' id='word_1_381' title='bbox 1286 1502 1345 1535; x_wconf 91' lang='lat' dir='ltr'>per</span> <span class='ocrx_word' id='word_1_382' title='bbox 1376 1493 1514 1536; x_wconf 89' lang='lat' dir='ltr'>spatium</span> <span class='ocrx_word' id='word_1_383' title='bbox 1548 1494 1643 1527; x_wconf 90' lang='lat' dir='ltr'>trium</span> <span class='ocrx_word' id='word_1_384' title='bbox 1676 1495 1748 1527; x_wconf 87' lang='lat' dir='ltr'>dic-</span> 
     </span>
     <span class='ocr_line' id='line_1_71' title="bbox 1010 1544 1750 1580; baseline 0.007 -5"><span class='ocrx_word' id='word_1_385' title='bbox 1010 1553 1079 1576; x_wconf 90' lang='lat' dir='ltr'>rum</span> <span class='ocrx_word' id='word_1_386' title='bbox 1104 1544 1191 1577; x_wconf 91' lang='lat' dir='ltr'>omni</span> <span class='ocrx_word' id='word_1_387' title='bbox 1217 1547 1293 1577; x_wconf 78' lang='lat' dir='ltr'>cura</span> <span class='ocrx_word' id='word_1_388' title='bbox 1322 1550 1354 1577; x_wconf 89' lang='lat' dir='ltr'>et</span> <span class='ocrx_word' id='word_1_389' title='bbox 1378 1546 1558 1579; x_wconf 82' lang='lat' dir='ltr'>reverentia</span> <span class='ocrx_word' id='word_1_390' title='bbox 1574 1546 1621 1579; x_wconf 91' lang='lat' dir='ltr'>illi</span> <span class='ocrx_word' id='word_1_391' title='bbox 1647 1547 1750 1580; x_wconf 88' lang='lat' dir='ltr'>inser-</span> 
     </span>
     <span class='ocr_line' id='line_1_72' title="bbox 1011 1596 1750 1643; baseline 0.007 -15"><span class='ocrx_word' id='word_1_392' title='bbox 1011 1596 1076 1629; x_wconf 90' lang='lat' dir='ltr'>vire</span> <span class='ocrx_word' id='word_1_393' title='bbox 1103 1601 1285 1630; x_wconf 89' lang='lat' dir='ltr'>teneantur.</span> <span class='ocrx_word' id='word_1_394' title='bbox 1323 1597 1509 1631; x_wconf 80' lang='lat' dir='ltr'>praedictus</span> <span class='ocrx_word' id='word_1_395' title='bbox 1541 1604 1646 1632; x_wconf 86' lang='lat' dir='ltr'>autem</span> <span class='ocrx_word' id='word_1_396' title='bbox 1674 1611 1750 1643; x_wconf 85' lang='lat' dir='ltr'>pro-</span> 
     </span>
     <span class='ocr_line' id='line_1_73' title="bbox 1010 1648 1751 1696; baseline 0.007 -16"><span class='ocrx_word' id='word_1_397' title='bbox 1010 1648 1153 1681; x_wconf 87' lang='lat' dir='ltr'>vincialis</span> <span class='ocrx_word' id='word_1_398' title='bbox 1166 1649 1315 1682; x_wconf 83' lang='lat' dir='ltr'>minister</span> <span class='ocrx_word' id='word_1_399' title='bbox 1331 1651 1477 1684; x_wconf 87' lang='lat' dir='ltr'>eumdem</span> <span class='ocrx_word' id='word_1_400' title='bbox 1493 1652 1597 1685; x_wconf 91' lang='lat' dir='ltr'>locum</span> <span class='ocrx_word' id='word_1_401' title='bbox 1613 1657 1644 1685; x_wconf 87' lang='lat' dir='ltr'>et</span> <span class='ocrx_word' id='word_1_402' title='bbox 1661 1663 1751 1696; x_wconf 85' lang='lat' dir='ltr'>prae-</span> 
     </span>
     <span class='ocr_line' id='line_1_74' title="bbox 1011 1702 1750 1738; baseline 0.005 -4"><span class='ocrx_word' id='word_1_403' title='bbox 1011 1702 1192 1735; x_wconf 87' lang='lat' dir='ltr'>cedentiam</span> <span class='ocrx_word' id='word_1_404' title='bbox 1225 1702 1256 1734; x_wconf 92' lang='lat' dir='ltr'>in</span> <span class='ocrx_word' id='word_1_405' title='bbox 1290 1703 1577 1737; x_wconf 87' lang='lat' dir='ltr'>communitatibus</span> <span class='ocrx_word' id='word_1_406' title='bbox 1609 1705 1750 1738; x_wconf 89' lang='lat' dir='ltr'>semina-</span> 
     </span>
     <span class='ocr_line' id='line_1_75' title="bbox 1012 1754 1750 1799; baseline 0.007 -13"><span class='ocrx_word' id='word_1_407' title='bbox 1012 1754 1130 1787; x_wconf 87' lang='lat' dir='ltr'>riorum</span> <span class='ocrx_word' id='word_1_408' title='bbox 1152 1755 1285 1789; x_wconf 87' lang='lat' dir='ltr'>habebit</span> <span class='ocrx_word' id='word_1_409' title='bbox 1304 1766 1399 1799; x_wconf 90' lang='lat' dir='ltr'>quem</span> <span class='ocrx_word' id='word_1_410' title='bbox 1419 1757 1518 1790; x_wconf 86' lang='lat' dir='ltr'>habet</span> <span class='ocrx_word' id='word_1_411' title='bbox 1535 1757 1567 1790; x_wconf 93' lang='lat' dir='ltr'>in</span> <span class='ocrx_word' id='word_1_412' title='bbox 1585 1757 1654 1791; x_wconf 86' lang='lat' dir='ltr'>aliis</span> <span class='ocrx_word' id='word_1_413' title='bbox 1673 1768 1750 1791; x_wconf 82' lang='lat' dir='ltr'>suae</span> 
     </span>
     <span class='ocr_line' id='line_1_76' title="bbox 1010 1807 1752 1853; baseline 0.009 -15"><span class='ocrx_word' id='word_1_414' title='bbox 1010 1807 1193 1849; x_wconf 88' lang='lat' dir='ltr'>provinciae</span> <span class='ocrx_word' id='word_1_415' title='bbox 1225 1809 1458 1849; x_wconf 86' lang='lat' dir='ltr'>conventibus;</span> <span class='ocrx_word' id='word_1_416' title='bbox 1485 1810 1606 1853; x_wconf 89' lang='lat' dir='ltr'>poterit</span> <span class='ocrx_word' id='word_1_417' title='bbox 1641 1816 1752 1846; x_wconf 86' lang='lat' dir='ltr'>tamen</span> 
     </span>
     <span class='ocr_line' id='line_1_77' title="bbox 1011 1859 1751 1905; baseline 0.009 -14"><span class='ocrx_word' id='word_1_418' title='bbox 1011 1859 1150 1902; x_wconf 83' lang='lat' dir='ltr'>aliquam</span> <span class='ocrx_word' id='word_1_419' title='bbox 1175 1861 1382 1894; x_wconf 87' lang='lat' dir='ltr'>collationem</span> <span class='ocrx_word' id='word_1_420' title='bbox 1407 1862 1607 1905; x_wconf 87' lang='lat' dir='ltr'>spiritualem</span> <span class='ocrx_word' id='word_1_421' title='bbox 1625 1864 1751 1898; x_wconf 86' lang='lat' dir='ltr'>missio-</span> 
     </span>
     <span class='ocr_line' id='line_1_78' title="bbox 1011 1912 1750 1960; baseline 0.009 -17"><span class='ocrx_word' id='word_1_422' title='bbox 1011 1912 1109 1945; x_wconf 86' lang='lat' dir='ltr'>nariis</span> <span class='ocrx_word' id='word_1_423' title='bbox 1142 1913 1174 1945; x_wconf 92' lang='lat' dir='ltr'>in</span> <span class='ocrx_word' id='word_1_424' title='bbox 1199 1914 1371 1947; x_wconf 87' lang='lat' dir='ltr'>refectorio</span> <span class='ocrx_word' id='word_1_425' title='bbox 1403 1915 1613 1958; x_wconf 87' lang='lat' dir='ltr'>praedicare,</span> <span class='ocrx_word' id='word_1_426' title='bbox 1640 1917 1750 1960; x_wconf 81' lang='lat' dir='ltr'>ibique</span> 
     </span>
     <span class='ocr_line' id='line_1_79' title="bbox 1011 1965 1751 2011; baseline 0.008 -14"><span class='ocrx_word' id='word_1_427' title='bbox 1011 1965 1213 2008; x_wconf 86' lang='lat' dir='ltr'>praesidere,</span> <span class='ocrx_word' id='word_1_428' title='bbox 1240 1971 1271 1999; x_wconf 87' lang='lat' dir='ltr'>et</span> <span class='ocrx_word' id='word_1_429' title='bbox 1296 1967 1327 1998; x_wconf 92' lang='lat' dir='ltr'>in</span> <span class='ocrx_word' id='word_1_430' title='bbox 1353 1967 1514 2010; x_wconf 88' lang='lat' dir='ltr'>aliquibus</span> <span class='ocrx_word' id='word_1_431' title='bbox 1538 1969 1751 2011; x_wconf 77' lang='lat' dir='ltr'>poenitentiiS</span> 
     </span>
     <span class='ocr_line' id='line_1_80' title="bbox 1011 2018 1748 2065; baseline 0.007 -14"><span class='ocrx_word' id='word_1_432' title='bbox 1011 2018 1178 2052; x_wconf 83' lang='lat' dir='ltr'>seminarii</span> <span class='ocrx_word' id='word_1_433' title='bbox 1197 2019 1348 2051; x_wconf 80' lang='lat' dir='ltr'>fratribus</span> <span class='ocrx_word' id='word_1_434' title='bbox 1365 2019 1525 2063; x_wconf 85' lang='lat' dir='ltr'>impositis</span> <span class='ocrx_word' id='word_1_435' title='bbox 1543 2022 1748 2065; x_wconf 71' lang='lat' dir='ltr'>dispensare,</span> 
     </span>
     <span class='ocr_line' id='line_1_81' title="bbox 1011 2072 1749 2109; baseline 0.007 -6"><span class='ocrx_word' id='word_1_436' title='bbox 1011 2072 1132 2104; x_wconf 91' lang='lat' dir='ltr'>nullam</span> <span class='ocrx_word' id='word_1_437' title='bbox 1164 2077 1273 2105; x_wconf 89' lang='lat' dir='ltr'>tamen</span> <span class='ocrx_word' id='word_1_438' title='bbox 1299 2072 1393 2104; x_wconf 89' lang='lat' dir='ltr'>aliam</span> <span class='ocrx_word' id='word_1_439' title='bbox 1418 2073 1679 2108; x_wconf 88' lang='lat' dir='ltr'>iurisdictionem</span> <span class='ocrx_word' id='word_1_440' title='bbox 1704 2075 1749 2109; x_wconf 89' lang='lat' dir='ltr'>ibi</span> 
     </span>
     <span class='ocr_line' id='line_1_82' title="bbox 1011 2120 1753 2173; baseline 0.005 -17"><span class='ocrx_word' id='word_1_441' title='bbox 1011 2129 1063 2156; x_wconf 87' lang='lat' dir='ltr'>aut</span> <span class='ocrx_word' id='word_1_442' title='bbox 1087 2129 1236 2167; x_wconf 88' lang='lat' dir='ltr'>respectu</span> <span class='ocrx_word' id='word_1_443' title='bbox 1260 2124 1500 2167; x_wconf 89' lang='lat' dir='ltr'>praedictorum</span> <span class='ocrx_word' id='word_1_444' title='bbox 1525 2126 1660 2160; x_wconf 81' lang='lat' dir='ltr'>fratrum</span> <span class='ocrx_word' id='word_1_445' title='bbox 1693 2120 1753 2173; x_wconf 60' lang='lat' dir='ltr'>alb,</span> 
     </span>
     <span class='ocr_line' id='line_1_83' title="bbox 1011 2177 1753 2220; baseline 0.005 -11"><span class='ocrx_word' id='word_1_446' title='bbox 1011 2177 1140 2220; x_wconf 90' lang='lat' dir='ltr'>quando</span> <span class='ocrx_word' id='word_1_447' title='bbox 1161 2187 1312 2210; x_wconf 84' lang='lat' dir='ltr'>exercere</span> <span class='ocrx_word' id='word_1_448' title='bbox 1338 2178 1478 2218; x_wconf 84' lang='lat' dir='ltr'>audebit,</span> <span class='ocrx_word' id='word_1_449' title='bbox 1504 2178 1565 2211; x_wconf 90' lang='lat' dir='ltr'>nisi</span> <span class='ocrx_word' id='word_1_450' title='bbox 1590 2180 1629 2212; x_wconf 88' lang='lat' dir='ltr'>ad</span> <span class='ocrx_word' id='word_1_451' title='bbox 1647 2180 1678 2213; x_wconf 91' lang='lat' dir='ltr'>id</span> <span class='ocrx_word' id='word_1_452' title='bbox 1696 2181 1753 2220; x_wconf 68' lang='lat' dir='ltr'>de-⁸</span> 
     </span>
     <span class='ocr_line' id='line_1_84' title="bbox 1010 2230 1761 2278; baseline 0.004 -14"><span class='ocrx_word' id='word_1_453' title='bbox 1010 2231 1205 2273; x_wconf 82' lang='lat' dir='ltr'>legationem</span> <span class='ocrx_word' id='word_1_454' title='bbox 1222 2230 1360 2274; x_wconf 88' lang='lat' dir='ltr'>aliquam</span> <span class='ocrx_word' id='word_1_455' title='bbox 1379 2242 1396 2264; x_wconf 90' lang='lat' dir='ltr'>a</span> <span class='ocrx_word' id='word_1_456' title='bbox 1413 2232 1581 2275; x_wconf 88' lang='lat' dir='ltr'>superiore</span> <span class='ocrx_word' id='word_1_457' title='bbox 1603 2235 1761 2278; x_wconf 63' lang='lat' dir='ltr'>generalis.</span> 
     </span>
     <span class='ocr_line' id='line_1_85' title="bbox 1010 2283 1762 2333; baseline 0.003 -16"><span class='ocrx_word' id='word_1_458' title='bbox 1010 2284 1161 2327; x_wconf 88' lang='lat' dir='ltr'>recipiat;</span> <span class='ocrx_word' id='word_1_459' title='bbox 1189 2283 1242 2326; x_wconf 90' lang='lat' dir='ltr'>qui</span> <span class='ocrx_word' id='word_1_460' title='bbox 1261 2294 1331 2316; x_wconf 88' lang='lat' dir='ltr'>eam</span> <span class='ocrx_word' id='word_1_461' title='bbox 1356 2284 1537 2317; x_wconf 88' lang='lat' dir='ltr'>absolutam</span> <span class='ocrx_word' id='word_1_462' title='bbox 1561 2290 1593 2318; x_wconf 88' lang='lat' dir='ltr'>et</span> <span class='ocrx_word' id='word_1_463' title='bbox 1617 2296 1762 2333; x_wconf 41' lang='lat' dir='ltr'>genera-1⁴</span> 
     </span>
     <span class='ocr_line' id='line_1_86' title="bbox 1010 2337 1755 2380; baseline 0.004 -10"><span class='ocrx_word' id='word_1_464' title='bbox 1010 2338 1074 2370; x_wconf 89' lang='lat' dir='ltr'>lem</span> <span class='ocrx_word' id='word_1_465' title='bbox 1100 2346 1265 2379; x_wconf 86' lang='lat' dir='ltr'>nunquam</span> <span class='ocrx_word' id='word_1_466' title='bbox 1290 2341 1456 2379; x_wconf 88' lang='lat' dir='ltr'>praestare</span> <span class='ocrx_word' id='word_1_467' title='bbox 1481 2337 1610 2380; x_wconf 85' lang='lat' dir='ltr'>poterit,</span> <span class='ocrx_word' id='word_1_468' title='bbox 1633 2340 1755 2375; x_wconf 62' lang='lat' dir='ltr'>solum-1</span> 
     </span>
     <span class='ocr_line' id='line_1_87' title="bbox 1011 2388 1757 2435; baseline 0 -13"><span class='ocrx_word' id='word_1_469' title='bbox 1011 2400 1074 2433; x_wconf 89' lang='lat' dir='ltr'>que</span> <span class='ocrx_word' id='word_1_470' title='bbox 1100 2390 1130 2421; x_wconf 91' lang='lat' dir='ltr'>in</span> <span class='ocrx_word' id='word_1_471' title='bbox 1157 2389 1318 2431; x_wconf 89' lang='lat' dir='ltr'>aliquibus</span> <span class='ocrx_word' id='word_1_472' title='bbox 1342 2389 1467 2422; x_wconf 89' lang='lat' dir='ltr'>casibus</span> <span class='ocrx_word' id='word_1_473' title='bbox 1492 2395 1524 2423; x_wconf 88' lang='lat' dir='ltr'>et</span> <span class='ocrx_word' id='word_1_474' title='bbox 1551 2401 1609 2434; x_wconf 90' lang='lat' dir='ltr'>pro</span> <span class='ocrx_word' id='word_1_475' title='bbox 1634 2388 1757 2435; x_wconf 64' lang='lat' dir='ltr'>aliquiss.</span> 
     </span>
     <span class='ocr_line' id='line_1_88' title="bbox 1011 2441 1755 2485; baseline 0.004 -10"><span class='ocrx_word' id='word_1_476' title='bbox 1011 2443 1070 2475; x_wconf 87' lang='lat' dir='ltr'>bus</span> <span class='ocrx_word' id='word_1_477' title='bbox 1094 2441 1313 2484; x_wconf 85' lang='lat' dir='ltr'>singularibus</span> <span class='ocrx_word' id='word_1_478' title='bbox 1339 2442 1526 2485; x_wconf 81' lang='lat' dir='ltr'>indigentiis</span> <span class='ocrx_word' id='word_1_479' title='bbox 1548 2454 1639 2477; x_wconf 87' lang='lat' dir='ltr'>suam</span> <span class='ocrx_word' id='word_1_480' title='bbox 1656 2446 1755 2478; x_wconf 59' lang='lat' dir='ltr'>saculi„</span> 
     </span>
     <span class='ocr_line' id='line_1_89' title="bbox 1012 2495 1756 2541; baseline 0.001 -13"><span class='ocrx_word' id='word_1_481' title='bbox 1012 2500 1109 2528; x_wconf 88' lang='lat' dir='ltr'>tatem</span> <span class='ocrx_word' id='word_1_482' title='bbox 1134 2505 1194 2538; x_wconf 90' lang='lat' dir='ltr'>pro</span> <span class='ocrx_word' id='word_1_483' title='bbox 1219 2496 1282 2527; x_wconf 78' lang='lat' dir='ltr'>una</span> <span class='ocrx_word' id='word_1_484' title='bbox 1306 2497 1356 2528; x_wconf 78' lang='lat' dir='ltr'>vel</span> <span class='ocrx_word' id='word_1_485' title='bbox 1392 2495 1454 2528; x_wconf 78' lang='lat' dir='ltr'>alia</span> <span class='ocrx_word' id='word_1_486' title='bbox 1486 2497 1554 2530; x_wconf 90' lang='lat' dir='ltr'>vice</span> <span class='ocrx_word' id='word_1_487' title='bbox 1579 2498 1756 2541; x_wconf 88' lang='lat' dir='ltr'>praedicto.</span> 
     </span>
     <span class='ocr_line' id='line_1_90' title="bbox 1012 2548 1754 2592; baseline 0.005 -12"><span class='ocrx_word' id='word_1_488' title='bbox 1012 2548 1212 2592; x_wconf 85' lang='lat' dir='ltr'>provinciali,</span> <span class='ocrx_word' id='word_1_489' title='bbox 1227 2559 1263 2581; x_wconf 88' lang='lat' dir='ltr'>ac</span> <span class='ocrx_word' id='word_1_490' title='bbox 1280 2549 1531 2591; x_wconf 83' lang='lat' dir='ltr'>convenientius,</span> <span class='ocrx_word' id='word_1_491' title='bbox 1551 2561 1587 2583; x_wconf 86' lang='lat' dir='ltr'>ac</span> <span class='ocrx_word' id='word_1_492' title='bbox 1602 2561 1674 2584; x_wconf 88' lang='lat' dir='ltr'>cum</span> <span class='ocrx_word' id='word_1_493' title='bbox 1691 2552 1754 2584; x_wconf 58' lang='lat' dir='ltr'>mis</span> 
     </span>
     <span class='ocr_line' id='line_1_91' title="bbox 1014 2600 1751 2646; baseline 0.004 -13"><span class='ocrx_word' id='word_1_494' title='bbox 1014 2611 1091 2634; x_wconf 90' lang='lat' dir='ltr'>nore</span> <span class='ocrx_word' id='word_1_495' title='bbox 1122 2600 1229 2634; x_wconf 91' lang='lat' dir='ltr'>litium</span> <span class='ocrx_word' id='word_1_496' title='bbox 1260 2602 1418 2644; x_wconf 87' lang='lat' dir='ltr'>periculo,</span> <span class='ocrx_word' id='word_1_497' title='bbox 1446 2603 1537 2636; x_wconf 86' lang='lat' dir='ltr'>alteri</span> <span class='ocrx_word' id='word_1_498' title='bbox 1564 2604 1650 2646; x_wconf 83' lang='lat' dir='ltr'>gravi</span> <span class='ocrx_word' id='word_1_499' title='bbox 1675 2604 1751 2636; x_wconf 74' lang='lat' dir='ltr'>reli-</span> 
     </span>
     <span class='ocr_line' id='line_1_92' title="bbox 1015 2655 1753 2701; baseline 0.003 -14"><span class='ocrx_word' id='word_1_500' title='bbox 1015 2655 1104 2698; x_wconf 84' lang='lat' dir='ltr'>gioso</span> <span class='ocrx_word' id='word_1_501' title='bbox 1123 2655 1361 2689; x_wconf 89' lang='lat' dir='ltr'>communicare</span> <span class='ocrx_word' id='word_1_502' title='bbox 1379 2656 1508 2690; x_wconf 85' lang='lat' dir='ltr'>valebit.</span> <span class='ocrx_word' id='word_1_503' title='bbox 1527 2657 1753 2701; x_wconf 66' lang='lat' dir='ltr'>praefatorum</span> 
     </span>
    </p>
   </div>
   <div class='ocr_carea' id='block_1_7' title="bbox 1640 275 1937 312">
    <p class='ocr_par' dir='ltr' id='par_1_7' title="bbox 1640 275 1937 312">
     <span class='ocr_line' id='line_1_93' title="bbox 1640 275 1937 312; baseline 0.01 -4"><span class='ocrx_word' id='word_1_504' title='bbox 1640 275 1705 308; x_wconf 81' lang='lat'>715</span> <span class='ocrx_word' id='word_1_505' title='bbox 1750 284 1802 312; x_wconf 77' lang='lat' dir='ltr'>An.</span> <span class='ocrx_word' id='word_1_506' title='bbox 1822 285 1850 312; x_wconf 80' lang='lat' dir='ltr'>c..</span> <span class='ocrx_word' id='word_1_507' title='bbox 1869 284 1937 311; x_wconf 63' lang='lat' dir='ltr'>¹68ss</span> 
     </span>
    </p>
   </div>
  </div>
 </body>
</html>
