2111 3157
8 174 57 202 An.
74 172 104 202 C.
129 175 197 205 ¹676

207 226 467 270 episcopalisque
494 229 526 259 et
550 224 817 268 metropolitanae
839 226 937 257 eccle-

786 176 997 201 INNOCENTIL'S
1019 177 1049 202 xt
1074 177 1122 201 PP.

1653 167 1673 201 7
1718 175 1766 203 An.
1785 175 1813 203 c.
1839 176 1906 204 1676

1024 226 1038 268 ἓ
1062 225 1091 257 li.
1117 225 1336 258 Decernentes
1362 235 1399 257 ex
1425 229 1499 257 tunc
1522 224 1650 257 irritum
1682 229 1714 257 et
1750 237 1861 259 Decretum
1880 238 1906 259 ir-

206 279 271 312 siae
306 279 414 312 sedem
449 283 481 311 et
515 277 697 322 provinciae
729 281 842 318 caput,
877 286 936 317 pro
980 278 1075 310 inane
1110 277 1134 309 si
1166 287 1255 310 secus
1290 288 1388 320 super
1418 277 1467 310 his
1492 288 1509 309 a
1534 287 1711 320 quoquam,

206 341 271 364 uno
293 331 540 374 archiepiscopo
565 330 596 363 S.
622 328 794 362 Salvatoris
820 328 936 360 Baliiue

207 384 436 427 nuncupando,
461 393 532 415 cum
556 381 643 425 pallii
668 385 699 413 et
722 380 824 412 crucis
850 379 937 410 dela-

208 436 305 475 tione,
323 445 359 468 ac
384 435 531 468 omnibus
552 438 583 466 et
607 432 741 474 singulis
766 431 836 464 aliis
861 430 936 462 insi-

209 488 303 530 gniis,
324 487 511 525 honoribus,
536 485 681 523 iuribus,
706 483 882 527 privilegiis
907 487 938 514 et

209 539 439 583 praerogativis
471 537 627 571 ecclesiae
653 543 684 569 et
711 536 794 568 sedis
819 541 938 567 metro-

209 592 371 636 politanae
399 602 435 623 ac
464 589 760 632 archiepiscopalis,
786 586 842 620 de¹
868 588 936 619 iure

208 648 394 687 patronatus
419 642 503 675 dicto
528 641 622 674 Petro
648 640 782 682 principi
809 644 840 672 et
867 649 938 671 sue-

208 695 389 728 cessoribus
409 694 474 726 suis
491 693 703 735 Portugalliae
722 697 753 724 et
771 691 938 734 Algarbio-

208 757 276 780 rum
301 745 438 789 regibus,
458 745 510 788 qui
535 745 615 779 illud
641 744 792 786 deinceps
818 744 849 775 in
866 753 937 785 per-

206 806 339 843 petuum
356 799 395 832 ad
416 798 563 831 eamdem
588 796 756 831 ecclesiam
781 801 937 838 metropo-

207 852 350 891 litanam,
377 856 413 883 ut
437 851 526 894 prius
551 851 589 883 ad
615 851 690 883 olim
716 849 936 881 cathedralem

207 905 238 938 S.
264 904 436 938 Salvatoris
468 903 711 943 Brasiliensern,
738 903 858 934 habere
884 902 937 934 de-

206 957 312 997 beant,
338 957 424 989 salvo
450 961 481 989 et
506 956 618 989 illaeso
654 959 863 993 remanente,
897 954 936 986 de

208 1008 302 1041 simili
326 1009 475 1048 consilio,
502 1008 585 1040 dicta
616 1007 816 1047 anctoritate,
843 1005 937 1047 erigi-

207 1071 278 1094 mus
308 1066 340 1094 et
359 1060 566 1099 instituimus,
593 1071 628 1092 ac
652 1058 937 1101 archiepiscopalis

208 1114 479 1157 metropolitanae
512 1112 667 1152 nomine,
699 1111 791 1145 titulo
817 1116 848 1144 et
880 1112 938 1143 ho-

209 1177 291 1199 nore
317 1166 518 1199 decoramus.

41 1230 199 1259 sommono—
254 1219 323 1261 53.
349 1219 480 1252 Necnon
515 1219 687 1262 praedictis
723 1218 878 1250 ecclesiae
908 1222 939 1250 et

16 1257 327 1311 E;:l;.225,‘.{·§3¹}3‚05vitati
348 1271 378 1304 s.
406 1271 576 1304 Salvum-is
601 1272 639 1303 de
664 1270 763 1303 Barna
783 1270 813 1302 s.
841 1270 938 1303 seba-

16 1311 133 1334 ⁸¹³''““¹¹'‘'
209 1322 304 1355 stiani
330 1327 361 1355 et
393 1323 432 1355 de
457 1322 571 1355 Olinda
601 1332 706 1365 nuper
738 1322 880 1365 oppida,
907 1327 938 1353 et

208 1385 265 1416 per
289 1385 347 1408 nos
373 1375 468 1408 etiam
494 1375 592 1407 hodie
618 1375 650 1407 in
675 1374 842 1413 civitates,
870 1374 938 1406 illo-

209 1437 343 1470 rumque
380 1427 535 1460 ecclesias
572 1427 603 1459 in
637 1426 837 1459 cathedrales
868 1436 938 1459 ere·

209 1484 267 1514 cta.
289 1490 346 1522 pro
371 1479 434 1512 suis
459 1484 491 1512 et
515 1490 573 1522 pro
601 1484 744 1521 tempore
770 1479 938 1511 existentis

209 1531 442 1575 archiepiscopi
480 1532 511 1564 S.
550 1531 723 1564 Salvatoris
759 1531 798 1563 de
839 1531 937 1563 Baitia

208 1584 426 1626 sull'raganeis,
453 1584 518 1627 qui,
538 1589 697 1627 tamquam
721 1584 864 1615 membra
888 1594 938 1615 ca-

208 1637 288 1679 piti,
318 1637 423 1669 eidem
453 1637 700 1679 archiepiscopo
729 1637 797 1668 iure
820 1642 938 1668 metro-

209 1688 340 1730 politico
366 1688 509 1727 subsint,
541 1693 572 1720 et
606 1688 788 1730 provinciae
813 1688 844 1720 S.
871 1688 937 1720 Sal-

209 1740 326 1773 vatoris
360 1741 398 1773 de
434 1740 533 1773 Bahia
569 1741 690 1772 clerum
727 1745 759 1772 et
782 1741 936 1783 populum

207 1792 391 1825 universum
422 1803 479 1836 pro
512 1793 695 1825 earumdem
727 1792 936 1825 ecclesiarum

207 1844 238 1876 S.
264 1844 435 1877 Salvatoris
462 1845 500 1877 de
530 1845 628 1877 Bahia
656 1844 936 1887 provincialibus&

208 1907 344 1939 qnorum
373 1897 576 1939 singulorum
607 1908 720 1930 causae
753 1898 791 1930 ad
817 1897 936 1930 dictum

207 1948 485 1992 archiepiscopum
521 1949 552 1982 S.
589 1948 762 1982 Salvatoris
801 1950 840 1982 de
880 1950 937 1982 Ba-

207 2001 262 2034 hia
279 2001 365 2034 iuxta
383 2011 546 2034 sacrorum
570 2011 729 2035 canonum
753 2007 870 2034 statuta
891 2014 936 2035 re-

208 2053 382 2094 seruiium-³,
402 2054 440 2086 de
460 2054 556 2087 simili
581 2054 729 2093 consilio,
751 2054 846 2088 etiam
866 2066 937 2098 per-

206 2111 326 2149 petuo,
353 2107 560 2139 concedimus
586 2112 618 2139 et
647 2107 870 2149 assignamus,
905 2112 936 2140 et

207 2159 312 2201 quoad
329 2158 619 2202 archiepiscopalia
635 2159 873 2202 metropolitica
892 2160 936 2192 iu-

204 2221 241 2243 ra
264 2211 462 2244 subiicimus.

241 2273 252 2299 1
271 2271 421 2307 Praeposit.
439 2272 472 2298 de
489 2271 593 2299 videtur
607 2272 719 2299 delenda
732 2273 773 2307 (n.
789 2274 838 2306 r.).

239 2317 255 2343 ‘2
270 2316 416 2352 Legerem:
441 2319 467 2344 et
482 2317 652 2350 provinciae
671 2318 701 2345 S.
721 2318 882 2345 Salvatoris
902 2318 935 2345 de

203 2361 300 2388 Bahia
315 2361 424 2388 clerum
439 2363 466 2388 et
480 2362 619 2395 populum
636 2363 802 2389 universum
819 2371 934 2389 aarum·

204 2405 266 2431 dem
285 2405 466 2432 ecclesiarum
489 2405 516 2431 S.
538 2405 702 2432 Sebastiam·
724 2409 750 2432 el
774 2406 806 2432 cle
827 2406 934 2433 Οίίιιιία

198 2456 255 2482 pro
275 2449 402 2474 eiusdem
422 2449 451 2475 S.
473 2448 632 2475 Salvator-is
651 2449 683 2475 de
703 2449 797 2476 Balita
813 2450 933 2484 provin-

200 2492 324 2519 cialibus
343 2492 380 2526 (a.
397 2493 444 2526 τ.).

237 2535 254 2564 3
273 2535 402 2571 Legerem
421 2537 589 2572 referantur
610 2536 648 2572 (R.
665 2536 713 2572 T.)-

981 329 1090 371 quavis
1115 330 1315 369 auctoritate,
1334 330 1472 362 scienter
1497 330 1546 362 vel
1564 329 1714 371 ignoran-

982 387 1039 421 ter,
1067 383 1241 424 contigerit
1264 382 1426 415 attentari.

1725 264 1796 284 ritaus.

1024 434 1081 476 §5
1097 434 1181 467 Nulli
1200 445 1277 477 ergo
1291 434 1423 468 omnino
1437 435 1604 467 hominum
1619 435 1715 467 liceat
1750 446 1838 467 Sanctio
1856 452 1906 473 poe-

982 487 1065 519 lianc
1089 488 1237 529 paginam
1255 493 1385 521 nostrae
1403 488 1652 530 segregationis,
1669 488 1715 520 di-

981 539 1120 578 visionis,
1144 539 1370 582 separationis,
1394 540 1620 583 exemptionis,
1638 540 1714 572 libe-

981 590 1121 629 rationis,
1148 591 1342 630 erectionis,
1372 591 1591 631 institutionis,
1620 592 1715 625 deco-

981 642 1123 682 rationis,
1138 643 1366 681 concessionis,
1383 644 1621 686 assignationis,
1641 645 1714 676 sub-

980 695 1127 727 iectionis
1159 701 1189 728 et
1218 695 1340 728 decreti
1374 696 1572 738 infringere,
1607 697 1656 728 vel
1683 697 1712 728 ci

981 758 1058 779 ausu
1077 747 1249 780 temerario
1270 748 1451 787 contrai1·e;
1474 747 1500 780 si
1517 748 1589 790 quis
1608 754 1712 781 autern

982 801 1043 833 hoc
1061 805 1220 832 attentare
1241 801 1506 843 praesumpserit,
1524 800 1714 842 indignatio-

981 863 1053 885 nem
1075 852 1308 895 omnipotentis
1322 852 1376 885 Dei
1390 863 1426 884 ac
1441 853 1607 886 beatorum
1627 853 1713 885 Petri

982 911 1013 938 et
1037 906 1125 937 Pauli
1146 906 1367 948 apostolorum
1386 905 1453 938 eius
1475 915 1508 937 se
1528 905 1653 938 noverit
1669 905 1715 938 in-

981 968 1162 991 cursurum.

1025 1011 1135 1043 Datum
1160 1010 1291 1049 Romae,
1321 1010 1406 1053 apud
1431 1009 1462 1042 S.
1490 1009 1630 1051 Petrum,
1661 1021 1714 1043 an-

981 1074 1023 1096 no
1048 1062 1278 1095 lucarnationis
1314 1062 1499 1095 Dominicae
1535 1072 1692 1095 MDCLxxVI
1705 1090 1712 1103 ‚

981 1115 1015 1149 x¹
1042 1116 1197 1148 kalendas
1219 1115 1407 1155 decembris,
1433 1114 1638 1158 pontificatus
1657 1125 1714 1148 no-

982 1168 1040 1201 stri
1066 1179 1150 1201 anno
1175 1178 1196 1201 1.

1016 1230 1078 1257 Dat.
1100 1230 1144 1256 die
1164 1229 1214 1256 ⁶22²
1232 1228 1385 1256 novembris
1405 1229 1484 1262 1676,
1503 1229 1600 1265 pontif.
1615 1236 1661 1257 an.
1677 1234 1696 1256 1.

1324 1370 1372 1402 lV.

983 1449 1145 1492 Oppidum
1177 1449 1214 1481 de
1252 1449 1374 1483 Olincla
1405 1461 1424 1482 a
1456 1450 1591 1483 dioecesi
1625 1451 1715 1483 urbis

1024 1503 1056 1535 S.
1088 1502 1268 1535 Salvatorz's
1299 1502 1337 1535 (Ie
1371 1503 1481 1536 Balita
1511 1503 1716 1536 dismembra-

1024 1559 1087 1594 lnr‚
1116 1558 1144 1586 et
1168 1555 1236 1586 suis
1258 1555 1467 1597 praescriptis
1492 1555 1652 1588 limitibus
1672 1556 1716 1587 ci-

1025 1607 1105 1638 vilas
1130 1617 1191 1638 esse
1215 1607 1409 1645 decernitur,
1437 1608 1566 1650 eiusque
1586 1608 1716 1639 ecclesia

1025 1659 1188 1691 Salvatori
1222 1659 1331 1692 <licata
1364 1660 1559 1692 cathedralis
1593 1661 1713 1693 consti-

1026 1711 1138 1743 luitur.

1152 1791 1346 1818 Innocentius
1374 1791 1543 1826 episcopus,

1165 1843 1271 1862 servus
1299 1843 1452 1862 servorum
1474 1836 1539 1870 Dei,

1099 1880 1135 1906 ad
1154 1883 1329 1913 perpetuam
1348 1880 1393 1907 rei
1413 1881 1593 1908 memoriam.

1023 1951 1069 1983 Ad
1095 1961 1218 1983 sacram
1243 1951 1327 1984 beati
1346 1952 1431 1984 Petri
1456 1952 1571 1985 Sedem
1592 1952 1624 1985 in
1645 1954 1715 1996 ple-

979 2003 1123 2036 nitudine
1149 2004 1326 2046 potestatis,
1347 2004 1468 2037 meritis
1490 2004 1564 2037 licet
1588 2005 1715 2047 impari-

979 2056 1051 2096 hus,
1079 2056 1247 2099 assumpti,
1266 2057 1382 2089 mentis
1407 2062 1538 2090 nostrae
1555 2058 1656 2089 aciem
1675 2058 1714 2090 ad

979 2120 1015 2142 ca
1032 2109 1236 2152 potissimum
1253 2109 1432 2151 dirigimus,
1453 2120 1511 2152 per
1527 2121 1607 2152 quae
1625 2115 1715 2153 grata

979 2167 1009 2194 et
1024 2167 1156 2204 accepta
1170 2162 1315 2194 sincerae
1330 2162 1403 2195 fidei
1419 2166 1451 2194 et
1471 2173 1646 2205 prosperae
1661 2163 1715 2195 de-

979 2214 1116 2247 votionis
1134 2214 1298 2257 obsequia,
1316 2214 1443 2247 Christo
1464 2215 1610 2255 Domino,
1634 2216 1714 2258 Regi

978 2273 1010 2300 et
1034 2266 1243 2310 Redemptori
1267 2273 1377 2300 nostro
1402 2267 1556 2309 exhibita,
1584 2279 1715 2311 promo-

977 2324 1103 2358 ventur,
1135 2324 1165 2351 et
1201 2319 1378 2362 praecipue
1411 2330 1482 2352 cum
1515 2321 1554 2353 ab
1586 2321 1632 2361 iis,
1659 2322 1712 2365 qui

977 2372 1067 2404 valde
1093 2371 1217 2404 dissitas
1242 2372 1281 2404 ab
1307 2372 1368 2406 hac
1392 2373 1476 2406 alma
1500 2373 1584 2407 Urbe
1608 2375 1713 2417 regio-

1014 2450 1023 2476 1
1043 2449 1092 2476 Ed.
1105 2449 1184 2475 Μαίη.
1196 2450 1262 2484 legit
1281 2458 1320 2484 rJ‚·
1336 2454 1362 2477 at
1380 2451 1522 2486 legendum
1535 2459 1593 2479 esse
1609 2461 1629 2482 X
1640 2456 1714 2489 patet

977 2502 1008 2521 ex
1023 2494 1199 2529 sequentibus
1214 2494 1318 2522 duabus
1334 2496 1570 2524 constitutionibus
1583 2498 1624 2532 (n.
1640 2501 1688 2529 T.).

1012 2538 1028 2565 2
1043 2537 1108 2566 Male
1123 2538 1154 2566 ad
1171 2546 1257 2575 marg.
1274 2540 1338 2568 edit.
1354 2540 1436 2568 Malu.
1453 2541 1536 2569 habet
1552 2542 1586 2569 16
1598 2543 1698 2571 (aaut.

1724 473 1786 495 nalis.

1753 1965 1874 1986 Exordium.
