2111 3157
153 211 208 238 An.
226 210 255 236 C.
274 208 341 236 1687
1870 195 1921 224 An.
1938 195 2052 228 (21687

388 199 452 233 782
929 200 1113 227 nmmum
1133 197 1284 225 iimnsru

180 273 289 293 rmum-m
314 276 334 288 ο-
391 259 405 301 g
430 257 460 290 ΕΖ.
478 256 512 290 Et
531 257 609 290 licet
629 257 892 298 supranarratum
912 251 1087 291 decretum,
1130 249 1281 287 bationis,
1294 247 1485 292 punitionis,
1502 247 1622 281 decreti
1639 251 1671 280 et
1691 246 1864 280 voluntatis

152 299 386 346 332533f1,5¹i⁶„28.-⁰.*'“de
410 311 562 344 mandato
587 314 699 341 nostro
725 308 836 345 latum,
863 305 903 338 ad
927 304 1086 337 maiorem
1128 301 1306 344 infringere
1335 302 1385 335 vel
1419 301 1446 334 ei
1479 311 1560 334 ausu
1591 298 1765 333 temerario
1790 309 1866 332 con-

348 363 491 396 fidelium
515 362 672 394 cantelam
693 359 774 403 typis
799 359 921 391 editum
946 356 1086 400 publicis
1129 355 1246 394 traire·,
1269 355 1294 388 si
1315 354 1386 398 quis
1400 359 1506 387 autem
1521 354 1585 386 hoc
1605 357 1764 386 attentare
1777 361 1866 395 prae-

346 416 425 449 locis
451 416 577 447 affimm
605 420 637 446 et
661 413 857 453 divulgatum
892 410 1007 449 suerit,
1036 410 1084 442 ni-
1126 408 1320 450 sumpserit,
1345 407 1605 450 indignationem
1631 403 1864 448 omnipotentis

346 469 533 506 liilominus,
549 478 589 499 ne
611 466 708 499 huius
727 464 927 508 apostolicae
953 464 1084 496 damna·
1102 445 1105 483 l
1125 460 1179 493 Dei
1208 466 1239 493 et
1259 462 1431 495 beatorum
1457 461 1544 493 Petri
1570 465 1603 493 et
1625 458 1714 492 Pauli
1736 462 1867 501 aposto-

179 1330 299 1351 ctio-uiae.

345 522 439 554 tionis
459 520 611 553 memoria
627 519 741 551 suturis
760 517 962 560 temporibus
980 516 1080 549 deleri

346 574 456 617 possit,
474 580 573 616 utque
591 573 731 616 populus
750 570 947 604 christianus
972 570 1083 602 catho-

345 628 405 660 lira
430 627 563 659 veritate
589 619 781 659 instructior
809 634 869 667 per
892 623 973 656 viam
999 624 1083 656 salu-

345 681 382 713 tis
407 680 559 713 incedere
584 681 697 718 valcat,
720 678 1008 722 praedecessorum
1027 687 1083 709 no-

344 739 485 765 strorum
504 743 701 765 summorum
718 731 911 764 Pontificum
936 730 1082 772 vestigiis

344 786 562 823 inhaerentes,
577 786 639 819 hae
653 787 763 818 nostra
780 785 936 828 perpetua
947 783 1083 816 valitura

344 840 578 873 constitutione
597 838 820 882 supradictum
846 838 1010 870 decretum
1029 837 1084 869 de·

344 904 410 926 nuo
436 894 666 936 approbamus,
687 891 915 925 confirmamus
940 896 971 923 et
996 890 1084 923 debi-

345 952 396 980 tae
423 946 604 979 executioni
632 945 713 978 tradi
739 945 944 983 mandamus,
969 943 1083 976 iterum

345 1000 548 1044 supradictas
575 999 816 1042 propositiones
842 997 1005 1030 definitive
1031 996 1086 1029 da-

345 1058 494 1085 mnantes
528 1057 558 1084 et
590 1052 826 1094 reprobantes,
859 1050 1025 1093 librosque
1055 1056 1083 1082 et

345 1105 566 1148 manuscripta
599 1105 741 1138 eiusdem
767 1104 931 1137 Michaelis
958 1104 997 1136 de
1023 1104 1086 1136 Mo-

346 1160 433 1192 linos
460 1158 676 1202 prohibentes
702 1163 732 1190 et
756 1157 999 1196 interdicentes,
1026 1157 1085 1189 sub

345 1212 466 1247 eisdem
492 1211 608 1254 poenis
629 1216 661 1244 et
685 1211 829 1243 censuris
853 1216 964 1243 eontra
984 1215 1087 1242 trans-

345 1276 513 1308 gressores
540 1265 612 1298 latis
639 1270 670 1298 et
694 1264 835 1297 inflictis.

390 1320 404 1362 ἓ
429 1318 460 1352 3.
486 1319 704 1351 Decernentes
738 1318 871 1360 insuper
895 1322 1086 1360 praesentes

346 1372 473 1404 litteras
507 1382 638 1414 semper
672 1377 703 1404 et
727 1376 885 1413 perpetuo
910 1370 1031 1402 validas
1057 1376 1088 1402 et

347 1425 494 1457 efficaces
522 1424 659 1457 existere
689 1429 721 1457 et
748 1424 825 1463 sore,
856 1433 997 1465 suosque
1018 1424 1088 1466 ple-

346 1478 457 1510 narios
472 1483 504 1510 et
520 1478 663 1519 integros
690 1476 822 1509 effeetus
849 1476 959 1509 sortiri
982 1481 1012 1508 et
1030 1477 1087 1508 ob-

349 1530 464 1570 tinere,
495 1529 603 1573 sicque
629 1540 688 1572 per
719 1540 941 1573 quoscumque
966 1529 1108 1561 iudices⁴

349 1583 534 1622 ordinarios
557 1589 588 1616 et
607 1583 788 1624 delegatos,
809 1582 922 1625 quavis
949 1582 1088 1614 auctori-

349 1642 410 1669 tate
433 1636 603 1678 fringentes
633 1642 665 1668 et
689 1642 868 1675 uincturos,
895 1635 1014 1678 ubique
1040 1635 1088 1668 iu-

349 1689 449 1722 dicari
476 1695 507 1722 et
532 1689 658 1722 definiri
684 1689 816 1727 debere,
836 1689 961 1722 sublata
982 1689 1028 1722 cis
1055 1694 1086 1721 et

349 1752 460 1774 eorum
488 1742 640 1780 cuilibet,
667 1742 777 1785 quavis
802 1742 897 1775 aliter
921 1742 1084 1775 iudicandi

1124 508 1231 546 lorum
1259 515 1328 547 eius
1352 525 1385 547 se
1412 513 1541 547 noverit
1565 513 1782 545 incursurum.

1167 567 1279 600 Datum
1304 567 1440 607 Romae,
1467 566 1552 609 apud
1578 565 1610 599 S,
1641 564 1772 598 Mariam
1803 563 1867 596 Ma-

1124 619 1247 660 iorem,
1282 631 1367 654 anno
1403 617 1638 653 incarnationis
1675 616 1863 650 Dominieae

1124 683 1341 715 iinctxxxvu,
1379 684 1422 708 xu
1459 673 1616 707 kalendas
1656 670 1865 718 decembris,

1124 727 1331 771 pontificatus
1355 726 1458 760 nostri
1484 736 1569 759 anno
1596 735 1653 759 xii.

1160 790 1218 817 Dat.
1237 789 1281 817 die
1297 789 1331 817 20
1346 789 1500 817 novembris
1517 787 1595 823 1687,
1612 786 1708 823 pontis.
1729 793 1799 815 anno
1814 791 1865 813 xn.

1435 930 1547 965 CXCII.

1129 1012 1349 1053 Confirmalur
1373 1011 1534 1044 decretum
1555 1009 1693 1053 capituli
1706 1008 1868 1053 qenai-alis

1173 1065 1309 1099 Ordinis
1326 1066 1532 1098 eremitarum
1553 1063 1659 1096 sancti
1675 1062 1868 1106 Auaustini,

1171 1130 1235 1163 quo
1266 1119 1414 1151 senarius
1448 1127 1603 1150 numerus
1634 1117 1868 1158 mamiliorum

1174 1172 1344 1206 Pervmzae
1360 1171 1548 1215 provinciae
1565 1169 1607 1202 ad
1631 1169 1869 1203 duodenarium

1173 1225 1360 1259 extenditur
1372 1224 1392 1258 ¹.

1311 1305 1508 1333 Innocentius
1530 1304 1610 1337 Papa
1629 1303 1683 1334 XI,

1269 1351 1306 1377 ad
1325 1351 1460 1377 futuram
1479 1349 1526 1376 rei
1547 1349 1730 1376 memoriam.

1173 1423 1344 1456 Pastoralis
1380 1421 1476 1455 officii
1493 1448 1500 1462 ,
1528 1420 1614 1464 quod
1648 1424 1778 1452 auctore
1803 1417 1869 1451 Deo

1130 1477 1284 1520 gerimus,
1307 1486 1383 1508 cura
1408 1475 1551 1507 animum
1575 1478 1722 1507 nostrum
1748 1471 1869 1506 sellici-

1129 1531 1212 1568 citat,
1232 1536 1262 1562 ut
1290 1529 1435 1563 fovendis
1463 1527 1764 1572 promovendisque
1781 1525 1870 1558 inter

1129 1585 1212 1617 viros
1246 1583 1429 1625 religiosos,
1455 1587 1529 1615 rota
1554 1591 1611 1614 sua
1644 1579 1812 1614 Altissimo
1837 1578 1869 1611 iu

1129 1637 1296 1669 sanctitate
1315 1642 1347 1669 et
1364 1635 1483 1668 iustitia
1509 1634 1647 1668 reddere
1672 1637 1869 1675 satagentes,

1129 1702 1292 1723 sas-rarum
1319 1691 1430 1734 eisque
1462 1688 1683 1722 ancillantium
1709 1686 1871 1719 bonarum

1129 1745 1312 1777 litterarum
1337 1743 1454 1777 studiis
1471 1744 1635 1786 propensa
1648 1740 1808 1774 charitate
1826 1738 1871 1772 in·

1904 1435 2025 1458 Exordium.

350 1802 381 1829 et.
399 1795 635 1838 interpretandi
654 1797 801 1828 tacultate
827 1802 858 1828 et
882 1796 1084 1836 auctoritate,
1129 1799 1334 1837 cumbamus3
1361 1808 1397 1830 ac
1422 1796 1561 1840 proinde
1586 1806 1633 1836 ea,
1654 1806 1736 1839 quac
1761 1794 1870 1828 consi·

350 1859 386 1881 ae
405 1848 531 1881 irritum
558 1854 590 1881 et
613 1848 707 1881 inane
739 1848 895 1892 quidquid
921 1859 1014 1882 secus
1039 1860 1087 1881 su·
1129 1852 1196 1884 {nisi
1218 1850 1358 1884 consilto
1376 1855 1494 1882 statuta
1512 1855 1607 1892 atque
1629 1848 1779 1882 ordinata
1799 1857 1871 1881 esse

350 1912 410 1945 per
435 1902 486 1934 his
511 1913 528 1934 a
553 1912 727 1945 quoquam,
753 1902 864 1945 quavis
890 1888 1109 1942 auctoritatc,l
1130 1909 1319 1943 noscuntur,
1337 1908 1373 1935 ut
1389 1902 1481 1935 tii-ma
1506 1909 1601 1946 atque
1620 1902 1744 1936 illibata
1766 1901 1872 1946 persi-

352 1955 494 1988 seienter
532 1956 581 1988 vel
606 1955 818 1998 ignoranter,
846 1956 1019 1998 contigerit
1044 1962 1089 1989 at·
1131 1962 1223 1996 stant,
1250 1956 1418 1999 apostolici
1444 1955 1634 1989 muniminis
1653 1954 1754 1989 nostri
1780 1965 1872 1999 prae-

353 2008 484 2041 tentari.
1133 2010 1215 2043 sidio
1241 2010 1382 2043 libenter
1407 2009 1670 2043 corroboramus.

199 2070 261 2090 Fide:
285 2072 342 2090 tran—

159 2100 294 2122 sumptorum.

192 2494 278 2515 Sanctio
298 2497 348 2520 poo-

165 2521 226 2542 nelis.

396 2062 410 2104 ἓ
435 2061 466 2093 4.
494 2061 650 2094 Volumus
677 2067 786 2095 autem
812 2067 847 2095 ut
871 2062 1089 2106 praesentium

354 2116 574 2158 transumptis,
597 2115 692 2148 etiarn
713 2116 892 2159 impressis,
914 2127 1008 2148 manu
1035 2127 1092 2148 no-

354 2167 425 2200 tarii
458 2168 579 2211 publici
609 2168 811 2211 subscriptis,
839 2174 871 2201 et
899 2168 1006 2211 sigillo
1035 2168 1092 2201 ali-

356 2221 444 2253 cuius
469 2232 629 2264 personae
648 2221 679 2253 iu
699 2221 856 2263 dignitate
874 2222 1092 2254 ecclesiastica

357 2274 549 2307 constitutae
568 2274 711 2315 munitis,
730 2275 842 2307 eadem
861 2285 996 2317 prorsus
1015 2274 1092 2307 fides

357 2326 569 2367 adhibeatur,
597 2338 677 2370 quac
704 2328 781 2371 ipsis
807 2327 1017 2369 originalibus
1043 2328 1094 2359 lit-

359 2379 435 2411 teris
452 2380 662 2413 adhiberetur
686 2381 711 2413 si
735 2386 843 2414 essent
860 2381 1024 2414 exhibitae
1044 2382 1093 2414 vet

359 2437 521 2465 ostensae.

403 2485 417 2528 ἓ
438 2484 468 2517 5.
492 2485 575 2518 Nulli
602 2497 680 2529 ergo
706 2487 839 2520 omnino
865 2487 1031 2520 hominum
1056 2487 1093 2520 li-

360 2543 433 2571 ceat
452 2538 533 2571 lianc
554 2540 702 2582 paginam
729 2547 861 2574 nostrae
887 2541 1095 2585 approbatio-

361 2592 420 2634 nis,
446 2592 707 2635 confirmationis,
730 2595 963 2636 damnationis,
982 2605 1093 2638 repro-

1176 2064 1190 2106 ξ
1216 2063 1246 2095 l.
1274 2063 1395 2106 Evponi
1415 2063 1575 2106 siquidem
1592 2062 1687 2096 nobis
1704 2073 1810 2107 nuper
1825 2061 1872 2096 se-

1133 2117 1176 2148 cit
1201 2117 1339 2149 dilectus
1357 2116 1443 2149 filius
1460 2116 1596 2149 loannes
1615 2116 1654 2149 de
1678 2115 1780 2150 Suazo
1801 2126 1872 2160 pro·

1134 2175 1263 2202 curator
1287 2169 1471 2212 provinciae
1488 2169 1649 2202 Peruanae
1669 2168 1797 2202 Ordinis
1813 2169 1873 2202 sra—

1136 2228 1219 2255 trum
1245 2223 1453 2255 eremitarum
1470 2222 1570 2255 sancti
1590 2221 1768 2265 Augustini,
1785 2221 1872 2267 quod

1172 2294 1181 2319 1
1206 2293 1266 2320 Alia
1282 2293 1390 2321 decreta
1407 2302 1453 2328 pro
1470 2293 1615 2329 provinciis
1630 2293 1767 2320 Indiarum
1783 2295 1874 2320 extant

1136 2339 1242 2364 constit.
1265 2338 1308 2365 eil.
1331 2345 1462 2371 tunctxxx,
1479 2338 1523 2364 die
1545 2338 1576 2364 14
1596 2337 1767 2373 septembris,
1783 2337 1873 2372 ponti-

1138 2384 1230 2409 firatns
1251 2390 1296 2415 1v;
1318 2383 1427 2410 constit.
1448 2383 1491 2409 ed.
1513 2389 1648 2414 nnctxxx,
1665 2382 1707 2410 die
1721 2388 1768 2410 vui
1786 2389 1874 2417 augu-

1136 2428 1179 2459 sti,
1202 2428 1298 2462 pontit.
1322 2435 1363 2463 iv;
1389 2431 1413 2455 et
1435 2428 1541 2455 constit.
1562 2427 1604 2455 ed.
1626 2434 1809 2460 unciixxxviu,
1829 2428 1875 2454 die

1137 2473 1168 2498 :27
1190 2472 1318 2499 februarii
1332 2494 1339 2505 ,
1360 2472 1456 2507 pontif.
1478 2479 1524 2498 xii.
1546 2473 1598 2499 Pro
1623 2471 1686 2499 solis
1706 2479 1769 2499 vero
1789 2471 1876 2507 ma'gi-

1137 2516 1198 2542 stris
1227 2518 1298 2543 extat
1320 2516 1471 2543 innocentii
1493 2516 1538 2543 xit
1568 2516 1674 2544 constit.
1699 2515 1742 2544 ed.
1769 2522 1874 2548 MDcxc,

1137 2559 1179 2586 ilie
1200 2561 1233 2586 30
1246 2560 1346 2595 aprilis,
1368 2560 1465 2595 pontif.
1483 2567 1500 2593 i,
1517 2564 1544 2587 et
1563 2560 1670 2589 constit.
1691 2560 1734 2588 ed.
1755 2566 1874 2596 uncxcu,

1137 2612 1228 2631 mense
1243 2604 1422 2640 septembris,
1442 2604 1537 2641 pontif.
1557 2611 1596 2633 tn.

1908 2071 1996 2100 Species
2007 2070 2063 2094 sacti.
