2111 3157
160 229 209 256 An.
227 227 255 255 C.
278 228 344 255 1682

173 1065 282 1085 Deo-retum
296 1071 342 1084 rai·-

158 1091 234 1110 ‹liii.‹tis
273 1097 310 1116 pio
322 1098 341 1111 e·

158 1120 222 1136 cruris
245 1123 290 1137 rum
313 1118 341 1136 al·

158 1146 202 1162 terii
213 1147 300 1164 ministr}
310 1150 342 1169 gf:-

158 1170 242 1190 neralis.

391 220 455 253 ,2¹34

354 278 453 311 dictas
489 278 670 321 provincias
706 277 843 319 amplius
881 276 1086 318 deputentur,

351 331 519 374 variasque
546 330 766 363 ordinationes
797 329 878 367 fecit,
917 334 980 361 tam
1004 328 1088 360 circa

353 384 592 427 deputationem
618 382 800 426 praesidum
825 381 1086 421 etconiudieum‚

353 437 407 480 qui
426 447 535 469 causas
554 435 806 478 appellationum
825 434 857 466 in
876 434 996 467 eisdem
1018 445 1087 477 pro·

351 490 465 522 vinciis
491 494 696 530 cognoscant,
715 493 746 519 et
766 487 828 519 tine
855 487 966 520 debito
991 492 1088 530 prout

351 543 430 574 iuris
456 541 550 573 suerit
579 540 764 580 terminent,
784 549 880 582 quam
900 539 985 571 circa
1003 549 1088 572 com-

350 594 513 627 missarios
539 594 576 625 ad
606 592 778 624 visitandas
812 592 995 635 provincias
1029 593 1088 625 hu-

351 646 504 685 iusmodi,
524 646 782 688 celebrandaque
799 645 929 678 illorum
948 645 1087 688 capitula

350 699 562 742 provincialia
600 698 748 741 deputari
788 698 914 738 solitos,
959 708 1086 731 necnon

351 753 433 784 circa
469 751 732 794 praecedentiam
759 751 851 784 dictis
883 750 1086 793 praesidibus

352 805 604 843 decernendam,
631 810 662 837 et
686 805 779 844 alias,
817 808 916 847 prout
953 804 1085 836 uberius

352 859 535 891 continetur
561 858 592 889 in
618 858 716 900 ipsius
749 857 902 890 Alderani
940 856 1085 900 epIseopi

352 910 525 943 cardinalis
551 916 582 942 et
606 909 801 953 protectoris
830 909 948 942 litteris
973 914 1086 952 paten-

353 964 437 995 tibus
464 964 603 1005 desuper
627 962 783 1005 expeditis
809 962 931 995 tenoris
956 962 1009 1006 qui
1041 972 1086 994 se·

353 1018 469 1059 quitur,
495 1016 666 1049 videlicet:

402 1083 414 1100 «ι
454 1071 634 1102 Alderanus
674 1070 847 1112 episcopus
889 1069 1084 1102 Tusculanus

353 1123 479 1156 S.R.E.
505 1123 678 1155 cardinalis
703 1123 788 1165 Cybo
807 1122 970 1165 seraphici
995 1122 1086 1155 Ordi-

353 1176 401 1208 nis
417 1176 519 1208 sancti
532 1175 692 1207 Francisci
708 1175 791 1218 apud
808 1174 957 1207 Sanctam
971 1174 1085 1207 Sedem

351 1233 528 1271 protector,
543 1228 669 1260 dilectis
686 1228 780 1261 nobis
798 1228 830 1260 in
848 1228 974 1261 Christo
988 1227 1086 1270 patri-

351 1282 410 1313 bus
434 1280 696 1324 provincialilms,
721 1280 908 1323 provinciae
930 1280 1083 1323 patribus,

352 1334 486 1373 custodi,
522 1333 758 1373 definitoribus,
797 1333 977 1375 ceterisque
1014 1332 1085 1365 aliis

352 1387 496 1430 patribus
520 1392 552 1419 et
577 1387 730 1419 fratribus
747 1386 985 1429 provinciarum
1010 1395 1086 1417 nun

353 1446 542 1483 eupatarum
571 1440 602 1472 S.
630 1440 772 1472 Tliomae
802 1439 941 1482 apostoli
971 1444 1002 1471 et
1026 1439 1083 1470 Ma-

352 1493 410 1525 tris
436 1493 490 1524 Dei
515 1493 547 1524 in
564 1492 671 1524 -lndiis
695 1491 925 1531 Orientalibus,
953 1492 1086 1523 salutem

352 1551 383 1577 et
409 1545 589 1577 divinornm
609 1545 819 1577 chrismatum
836 1544 1084 1576 incrementum.

352 1597 465 1629 Frater
490 1597 676 1629 Ambrosius
697 1596 735 1628 ab
769 1595 994 1639 Assumptione
1016 1606 1088 1639 pro-

351 1651 474 1683 vinciae
499 1650 606 1682 Matris
631 1650 685 1682 Dei
719 1655 809 1692 pater
838 1654 870 1681 et
903 1649 1089 1682 commissa-

352 1703 419 1735 rius
457 1702 617 1746 generalis
652 1702 768 1735 Terrae
807 1702 954 1741 Sanctae,
992 1713 1087 1745 quem

353 1756 578 1799 procuratorio
602 1755 733 1788 nomine
759 1755 798 1788 ad
828 1755 1005 1798 capitulum
1034 1766 1089 1798 ge-

352 1810 463 1841 nerale
489 1814 519 1841 et
544 1809 582 1841 ad
609 1808 786 1841 Romanam
810 1808 937 1840 Curiam
963 1818 1022 1851 pro
1056 1819 1089 1840 n-

354 1863 500 1905 triusque
526 1867 647 1894 vestrae
672 1861 860 1904 provinciae
881 1862 1020 1904 negotiis
1038 1862 1093 1894 ab·

354 1916 497 1959 legastis,
530 1916 676 1949 exhibuit
701 1915 794 1948 nobis
826 1915 982 1958 quasdam
1006 1916 1091 1948 litte-

354 1980 405 2002 ras
429 1974 576 2012 patentes
593 1969 694 2012 patris
712 1969 797 2000 Petri
815 1968 927 2000 Marini
946 1968 1090 2001 Sormani

354 2022 505 2055 moderni
530 2022 668 2055 ministri
695 2022 857 2064 generalis
883 2022 979 2054 totius
1002 2021 1093 2054 Ordi-

354 2076 404 2108 nis
430 2076 530 2108 sancti
556 2075 717 2107 Francisci
751 2075 840 2107 datas
872 2075 905 2106 in
931 2079 1092 2107 conventu

355 2129 386 2161 S.
418 2129 547 2161 loannis
572 2129 697 2170 Regum
731 2128 851 2168 Toleti,
877 2128 934 2160 sub
966 2127 1017 2160 die
1043 2138 1094 2160 xx1

354 2182 428 2214 maii
454 2190 634 2220 nncrxxxu,
655 2191 790 2224 quarum
810 2186 904 2213 tenor
921 2186 978 2220 est,
999 2181 1092 2223 quod,

355 2237 477 2267 attenta
501 2234 659 2276 petitione
685 2244 743 2277 per
768 2233 888 2266 dictum
910 2238 1096 2276 procurato-

356 2298 423 2319 rem
448 2287 580 2319 nomine
605 2292 712 2319 vestro
740 2286 768 2318 ei
794 2286 914 2325 oblata,
941 2285 1024 2326 visis,
1051 2290 1094 2326 et,

357 2340 489 2383 praevia
514 2339 752 2372 consultatione
784 2340 1016 2372 nonnullorum
1040 2350 1097 2382 pa-

359 2398 443 2424 trum
465 2392 656 2434 graviorum,
674 2397 798 2425 mature
816 2391 986 2435 perpensis
1004 2391 1097 2424 ratio-

359 2445 453 2477 nibus
478 2456 535 2487 per
553 2456 605 2477 vos
623 2450 936 2487 procuratoremque
954 2449 1097 2477 vestrum

360 2499 539 2541 praelatum
566 2497 725 2536 exhibitis,
752 2508 791 2530 ne
818 2497 1027 2540 imposterum
1057 2497 1098 2529 ob

361 2551 529 2583 maximam
573 2556 795 2593 paupertatem
837 2556 867 2583 et
903 2550 1097 2592 angustiam,

362 2615 424 2647 qna
451 2609 571 2636 vestrae
592 2603 777 2646 provinciae
796 2608 995 2646 premuntur,
1014 2612 1100 2636 eom-

929 228 1002 251 nt'Ll
1012 227 1105 249 ,mutat
1131 226 1192 249 ROM
1203 227 1281 250 XXUM

1131 274 1267 305 missal-ii
1287 274 1459 316 generales
1474 274 1512 306 ad
1531 274 1659 307 easdem
1681 274 1864 318 provincias

1131 327 1344 369 deputentnr,
1370 327 1533 370 praefatus
1559 328 1707 360 minister
1732 338 1865 370 genera-

1131 380 1180 420 lis,
1199 385 1262 412 tum
1281 381 1320 412 ad
1345 379 1512 413 evitandos
1541 380 1696 413 maximos
1720 386 1865 424 sumptus

1130 433 1162 465 in
1200 433 1410 476 deputatione
1446 438 1478 465 et
1513 432 1667 466 missione
1703 433 1865 467 dictorum

1130 485 1428 518 commissariorum
1466 485 1536 518 sieri
1573 490 1759 526 consuetos,
1797 490 1865 519 tum

1130 539 1226 571 etiam
1252 544 1287 570 ut
1310 539 1489 572 electiones
1512 544 1637 572 vestrae
1662 539 1774 572 maiori
1791 549 1865 572 eum

1130 601 1209 633 pace
1235 602 1270 623 ac
1294 591 1363 624 sine
1389 591 1524 624 alicuius
1541 592 1770 635 praepotentia
1793 602 1866 635 per-

1130 642 1179 675 tici
1205 649 1351 686 possent,
1378 644 1489 677 statuit
1521 650 1618 688 atque
1651 645 1795 678 decrevit
1818 645 1866 678 di-

1130 700 1195 728 etas
1231 697 1412 739 provincias
1447 702 1570 730 vestras
1606 698 1645 730 ab
1678 698 1865 732 huiusmodi

1129 759 1229 781 onere
1255 755 1287 781 et
1304 749 1482 793 dispendiis
1504 750 1654 790 eximere,
1673 761 1710 784 ac
1726 751 1865 794 proinde

1132 803 1211 834 tales
1237 802 1475 835 commissarios
1501 804 1671 845 generales
1703 814 1768 836 non
1800 815 1865 837 am-

1130 855 1214 897 plius
1238 855 1405 897 deputare,
1432 865 1491 888 nec
1508 855 1547 887 ab
1564 856 1635 888 aliis
1652 856 1866 899 imposterum

1130 907 1331 950 deputandos
1357 908 1434 948 sore,
1459 913 1556 951 prout
1580 909 1612 941 in
1637 909 1731 942 dictis
1747 909 1864 943 litteris

1129 961 1316 1003 patentibus
1334 971 1485 1004 expresse
1503 967 1535 994 et
1550 962 1644 994 latius
1664 962 1862 996 continetur.

1129 1013 1272 1056 Cumque
1297 1013 1381 1047 idem
1406 1014 1506 1047 frater
1531 1014 1718 1047 Ambrosius
1743 1016 1782 1048 ab
1808 1015 1866 1048 As-

1130 1067 1315 1109 sumptione
1341 1067 1471 1099 easdem
1496 1067 1618 1100 litteras
1642 1072 1788 1110 patentes
1813 1078 1866 1100 au-

1130 1119 1287 1151 ctoritatis
1302 1119 1581 1162 protectionisque
1597 1125 1728 1153 nostrae
1746 1121 1865 1153 robore

1129 1171 1247 1203 muniri
1273 1177 1305 1204 et
1329 1171 1512 1205 confirmari
1539 1172 1705 1205 humiliter
1728 1173 1866 1216 postula-

1130 1224 1225 1256 verit:
1260 1234 1338 1265 nos,
1370 1223 1464 1257 firmo
1488 1230 1698 1268 permanente
1722 1225 1866 1269 ipsarum

1130 1276 1309 1309 litterarum
1333 1282 1458 1316 tenore⁷
1477 1288 1574 1320 quem
1596 1278 1648 1310 hic
1663 1288 1723 1321 pro
1741 1277 1865 1311 inserto

1131 1329 1250 1362 habere
1274 1331 1427 1369 volumus,
1453 1330 1615 1373 aliquibus
1640 1331 1866 1364 tantummodo

1130 1393 1188 1425 pro
1213 1382 1327 1415 maiori
1354 1382 1500 1415 claritate
1526 1387 1557 1415 et
1581 1382 1718 1416 faciliori
1749 1393 1866 1417 execu-

1131 1436 1218 1468 tione
1243 1435 1420 1468 immntatis
1445 1439 1541 1478 atque
1568 1435 1738 1475 ordinatis,
1755 1436 1868 1469 decer-

1131 1488 1234 1521 nimus
1269 1489 1391 1532 pariter
1424 1493 1455 1521 et
1479 1489 1668 1522 mandamus
1703 1490 1868 1533 praefatos

1131 1541 1366 1574 ‹·0n·1missai-i0s
1386 1543 1553 1583 generales
1572 1542 1609 1574 ad
1629 1542 1729 1574 dictas
1746 1548 1867 1575 vestras

1132 1593 1313 1636 provincias
1326 1604 1390 1626 non
1409 1593 1546 1636 amplius
1569 1594 1718 1637 deputari
1737 1594 1868 1634 debere,

1132 1652 1164 1679 et
1187 1652 1389 1689 praesentem
1421 1646 1725 1680 determinationem
1758 1658 1775 1680 a
1800 1658 1869 1681 mo-

1132 1699 1233 1732 derno
1258 1704 1290 1731 et
1313 1709 1373 1742 pro
1400 1704 1551 1742 tempore
1581 1698 1737 1732 existente
1770 1698 1870 1743 magi-

1132 1758 1199 1784 stro
1225 1752 1370 1794 generali
1387 1751 1616 1785 inviolabiliter
1634 1751 1869 1785 observandam

1134 1806 1213 1838 sore.
1240 1804 1284 1837 Ne
1303 1810 1408 1837 autem
1426 1805 1613 1837 earumdem
1631 1804 1869 1847 provinciarum

1133 1858 1290 1900 religiosi,
1318 1857 1445 1900 quoties
1474 1867 1491 1889 a
1515 1857 1650 1900 proprio
1680 1857 1870 1900 provinciali

1132 1913 1181 1944 vel
1207 1910 1391 1943 definitorio
1415 1920 1474 1953 per
1490 1909 1683 1943 sententiam
1701 1920 1734 1942 se
1753 1909 1871 1943 iniuste

1135 1964 1260 2008 gravari
1285 1963 1457 2003 sentirent,
1489 1962 1718 2006 appellationis
1750 1963 1873 1996 benefi-

1135 2018 1184 2050 cio
1210 2021 1352 2055 careant,
1371 2015 1581 2048 inhaerentes
1604 2015 1808 2059 dispositioni
1826 2015 1874 2048 di-

1135 2076 1259 2103 ctarum
1284 2069 1464 2101 litterarum
1489 2067 1678 2110 patentium,
1704 2069 1873 2109 volumus,-

1137 2128 1168 2156 et
1192 2121 1412 2166 praesentium
1439 2126 1550 2153 tenore
1583 2119 1813 2164 praecipimus,
1839 2125 1876 2153 ut

1137 2177 1169 2208 in
1200 2174 1351 2218 capitulis
1388 2173 1559 2216 utriusque
1594 2172 1780 2216 provinciae
1816 2183 1876 2216 per

1138 2227 1359 2262 definitorium
1383 2226 1510 2259 noviter
1535 2227 1673 2259 electum
1703 2226 1876 2269 deputetur

1139 2292 1221 2314 unus
1236 2292 1271 2313 ex
1290 2279 1520 2313 maturioribus
1538 2283 1570 2311 et
1586 2278 1786 2312 doctioribus
1801 2289 1877 2322 pro-

1138 2334 1261 2367 vinciae
1286 2333 1441 2376 patribus,
1476 2331 1530 2375 qui
1556 2337 1718 2375 tamquam
1742 2341 1874 2374 praeses

1139 2385 1405 2430 appellationum,
1423 2384 1555 2418 insimul
1573 2394 1645 2417 cum
1663 2383 1734 2416 aliis
1750 2383 1877 2417 duobus

1139 2439 1285 2484 patribus
1312 2438 1475 2482 graduatis
1508 2437 1654 2469 eiusdem
1689 2446 1767 2469 suae
1801 2446 1878 2480 pro-

1141 2493 1282 2533 vinciae,
1319 2492 1372 2535 qui
1407 2491 1561 2534 religioso
1598 2490 1775 2533 appellanti
1811 2499 1878 2523 non

1141 2547 1204 2579 sint
1228 2546 1373 2588 legitime
1398 2544 1547 2588 suspecti,
1584 2544 1623 2576 ab
1655 2543 1726 2586 ipso
1758 2543 1880 2586 praesi-

1143 2601 1238 2634 dente
1271 2599 1397 2645 quoties
1428 2608 1508 2643 opus
1537 2597 1635 2630 fuerit
1659 2595 1817 2640 eligendis
1848 2599 1881 2643 et

1873 226 1922 253 Λη.
1939 226 1966 253 C.
1990 227 2056 256 ¹582
