2111 3157
193 207 243 236 An.
261 208 290 237 C.
313 210 377 238 1681

216 642 335 667 Exordium,

210 1168 287 1188 Varia-³
300 1169 368 1187 exten-

185 1195 207 1213 ej.
218 1199 254 1213 nes
276 1194 322 1213 sesti
337 1194 367 1213 di-

185 1223 230 1241 ctae
247 1221 346 1242 sunctae.

426 201 492 239 392

733 263 767 296 C.

386 333 581 367 Extenditur
603 333 720 376 festum
742 337 871 365 sanctae
890 332 992 366 Rosae
1007 332 1120 364 Lima-

428 396 489 418 nae
503 385 546 418 ad
562 395 663 428 reynel
687 390 714 418 et
731 385 879 418 domim'a
904 394 1038 418 coronae
1053 384 1119 418 Lu-

427 438 568 477 sitaniae
591 437 611 471 ¹.

565 516 763 546 Innocentius
783 517 863 551 Papa
881 516 930 551 XI,

501 561 538 589 ad
556 563 733 597 perpetuam
750 561 796 588 rei
815 560 1000 589 memoriam.

424 632 529 675 Exigit
552 631 715 665 iniunctae
740 632 833 665 nobis
859 632 1012 665 divinitus
1041 641 1118 675 apo-

381 684 513 717 stolieae
538 684 701 717 servitutis
725 684 819 724 ratio,
844 689 880 716 ut
902 684 965 727 piis
990 682 1118 717 christi-

380 737 525 770 fidelium
542 737 731 779 praesertim
749 737 1007 770 orthodoxorum
1027 736 1116 779 prin-

380 790 485 833 cipum
509 800 626 832 magno
647 790 680 822 in
703 789 879 822 Ecclesiam
903 789 960 822 Dei
985 788 1116 822 merito-

378 853 451 875 rum
475 843 602 885 fulgore
626 842 874 886 conspicuorum
897 843 989 884 votis,
1003 842 1042 874 ad
1067 852 1115 874 au-

380 896 516 938 gendam
530 895 563 928 in
577 895 671 928 terris
687 905 853 928 sacrarum
866 895 1027 938 virginum
1040 905 1113 927 cum

379 948 512 981 caelesti
537 958 658 991 sponso
684 948 717 981 in
740 949 834 981 beata
859 947 1052 981 aeternitate
1069 958 1115 980 re-

379 1001 545 1045 gnantium
563 1002 803 1034 venerationem
821 1001 1028 1034 laudabiliter
1045 1005 1115 1034 ten-

379 1054 541 1095 dentibus,
563 1054 772 1087 favorabilem
791 1064 957 1087 assensum
975 1058 1112 1098 paterno

378 1107 493 1141 affectu
517 1107 732 1140 libentissime
753 1107 979 1150 praebeamus.

423 1161 437 1203 ἓ
463 1160 493 1192 1.
532 1160 607 1193 Cum
644 1160 752 1203 itaque
777 1160 897 1193 dudum
923 1160 1112 1204 (postquam

379 1213 481 1246 felicis
518 1213 752 1246 recordationis
788 1213 934 1246 Clemens
963 1213 1049 1256 Papa
1074 1214 1111 1246 tx

377 1266 615 1310 praedecessor
639 1271 753 1298 noster
776 1277 834 1309 per
859 1267 1015 1309 quasdam
1039 1277 1112 1300 suas

378 1321 410 1353 in
435 1319 530 1352 simili
556 1319 659 1351 forma
678 1319 787 1352 Brevis
814 1319 864 1352 die
888 1330 932 1352 XII
958 1320 1112 1352 februarii

377 1381 538 1406 unevaul
563 1371 729 1414 expeditas
758 1371 882 1404 litteras
906 1381 1030 1404 servam
1056 1371 1111 1404 Dei

379 1427 496 1458 Rosam
522 1425 560 1457 de
581 1424 611 1457 S.
639 1424 737 1457 Maria
761 1424 921 1467 virginem
946 1424 1110 1457 Limanam

378 1477 475 1511 Tertii
500 1476 629 1510 Ordinis
654 1477 686 1509 S.
713 1476 872 1509 Dominici
894 1477 925 1509 in
944 1482 1110 1520 posterum

379 1533 495 1565 Beatae
520 1531 654 1564 nomine
676 1530 865 1574 nuncupari,
887 1536 983 1574 atque
1009 1532 1047 1564 de
1074 1534 1110 1565 ea

378 1585 436 1617 sub
476 1583 540 1616 ritu
576 1584 698 1627 duplici
734 1583 866 1617 recitari
902 1584 1043 1617 osticium
1080 1590 1111 1617 et

377 1638 509 1670 missam
537 1637 695 1669 celebrari
722 1636 761 1670 de
786 1637 909 1680 virgine
936 1648 1001 1670 non
1025 1648 1110 1670 mar-

378 1696 446 1733 tyre
471 1689 607 1731 singulis
637 1690 729 1722 annis
754 1690 841 1722 iuxta
866 1691 1011 1723 rubricas
1035 1692 1111 1723 bre-

377 1743 468 1775 viarii
494 1748 524 1775 et
548 1742 684 1775 missalis
708 1742 833 1775 romani
855 1742 905 1775 die
926 1753 995 1776 xxVI
1013 1754 1110 1785 augu-

378 1796 427 1835 sti,
448 1801 478 1828 et
502 1796 583 1828 haec
607 1795 738 1838 quidem
763 1795 795 1827 in
821 1795 1013 1838 quibusdam
1028 1796 1108 1828 locis

378 1849 544 1881 dumtaxat
579 1847 698 1880 ibidem
735 1847 893 1890 expressis
928 1848 1012 1880 inter
1048 1848 1110 1880 alia

377 1901 571 1939 indulserat·y
588 1904 619 1932 et
636 1899 773 1931 subinde
794 1909 854 1942 per
870 1900 948 1931 alias
965 1910 1036 1932 suas
1055 1910 1111 1942 pa-

378 1953 456 1985 riter
491 1952 523 1984 in
560 1952 660 1985 forma
685 1951 793 1984 Brevis
827 1952 951 1984 litteras
985 1952 1036 1984 die
1061 1962 1111 1985 xlv

377 2005 571 2049 septembris
589 2004 732 2037 eiusdem
751 2004 826 2036 anni
846 2013 1008 2037 MDCvam
1029 2015 1112 2037 ema-

377 2063 466 2091 natas
504 2057 664 2090 indultum
701 2056 889 2089 celebrandi
914 2056 1045 2088 missam
1081 2061 1113 2089 et

376 2110 533 2143 recitandi
559 2109 699 2142 officium
723 2109 909 2142 huiusmodi
935 2109 974 2141 de
1000 2109 1113 2142 eadem

376 2165 471 2197 beata
495 2163 579 2197 Rosa
610 2163 648 2196 ad
674 2163 860 2196 universum
891 2164 1016 2196 clerum
1049 2168 1112 2196 tam

377 2218 575 2250 saecularem
611 2226 705 2259 quam
741 2217 925 2258 regularem
968 2226 1114 2259 quarum—

378 2280 513 2312 cumque
537 2269 779 2312 provinciarum
804 2268 970 2301 Americae
1003 2273 1034 2301 et
1064 2269 1114 2301 In-

379 2322 504 2355 diarum
536 2322 702 2355 carissimo
736 2323 767 2354 in
798 2322 925 2355 Christo
958 2322 1025 2355 silio
1055 2333 1115 2354 no-

378 2380 443 2407 stro
468 2375 582 2407 Carolo
603 2375 829 2418 Hispaniarum
855 2375 922 2417 regi
949 2374 1113 2407 catholico

379 2427 598 2459 subiectarum
621 2428 822 2470 extenderat)
838 2428 1030 2460 recolendae
1048 2438 1114 2460 me-

378 2479 499 2512 moriae
529 2480 674 2512 Clemens
699 2480 758 2512 FP.
786 2480 819 2519 X,
854 2480 948 2512 etiam
977 2481 1114 2523 praede-

416 2551 424 2575 1
450 2549 562 2576 Consule
583 2550 648 2575 alias
669 2553 752 2576 const.
782 2558 850 2585 quae
875 2550 901 2576 in
921 2558 978 2586 seq.
1000 2550 1115 2577 citantur

378 2593 416 2628 (n.
439 2593 486 2626 τ.).

970 213 1150 240 BULLARIUM
1173 213 1325 239 ROMANUM

1905 215 1955 244 An.
1972 213 2001 244 G.
2023 208 2084 252 {128}

1161 269 1276 295 cessor·
1294 265 1418 303 noster,
1441 265 1478 294 ut
1506 261 1545 296 de
1577 266 1706 296 caetero
1730 264 1896 308 perpetuis
2005 256 2009 258 ’

1161 315 1276 347 suturis
1310 315 1514 358 temporibus
1549 316 1588 348 ab
1625 316 1775 350 universo
1809 318 1894 352 clerc

1161 371 1224 400 tam
1248 367 1408 400 saeculari
1433 378 1529 410 quam
1557 369 1700 411 regulari
1728 369 1894 413 utriusque

1160 429 1253 452 sexus
1278 429 1338 462 per
1361 429 1473 452 omnes
1497 420 1691 464 provincias,
1709 431 1821 464 regna,
1838 427 1893 456 sta·

1160 476 1223 512 tus,
1242 472 1394 515 regiones
1413 477 1445 505 et
1460 473 1604 506 dominia
1624 473 1728 507 ubivis
1748 475 1894 509 locorum

1161 524 1248 558 dicto
1273 524 1387 558 Carolo
1412 526 1494 568 regi,
1513 530 1545 559 et
1562 527 1729 560 carissimo
1747 528 1844 561 etiam
1862 529 1893 563 in

1159 577 1284 610 Christo
1297 576 1364 611 filio
1375 582 1485 611 nostro
1496 578 1663 622 Leopoldo
1674 580 1895 626 Romanorum

1158 630 1226 673 regi
1251 630 1367 664 illustri
1393 631 1427 663 in
1452 631 1683 675 imperatorem
1708 634 1822 675 electe,
1840 635 1895 668 do-

1158 684 1289 727 muique
1311 684 1499 717 Austriacae
1520 685 1673 726 subiecta,
1698 687 1838 720 officium
1863 692 1895 721 et

1158 736 1288 769 missam
1312 737 1350 770 de
1375 739 1551 770 memorata
1573 739 1669 771 beata
1693 739 1777 772 Rosa
1791 740 1894 783 Virgi-

1156 798 1197 821 ne
1221 788 1352 822 Limana
1381 789 1554 832 quotannis
1586 791 1638 823 die
1666 802 1739 825 xxvi
1766 792 1892 835 augusti

1157 842 1217 874 sub
1233 842 1297 874 ritu
1314 842 1437 886 duplici
1455 842 1542 875 iuxta
1558 843 1705 877 rubricas
1729 846 1891 888 praefatas

1156 895 1285 928 recitari
1310 899 1342 928 et
1358 895 1520 928 celebrari
1540 896 1719 940 respective
1736 899 1892 938 valerent,

1156 949 1334 992 apostolica
1358 948 1550 982 auctoritate
1571 950 1779 992 concesserit,
1797 957 1891 994 prout

1155 1002 1188 1034 in
1223 1001 1325 1045 ipsius
1360 1001 1533 1035 Clementis
1568 1003 1593 1035 X
1628 1004 1890 1045 praedecessoris

1155 1054 1272 1088 litteris
1296 1053 1445 1088 similiter
1468 1054 1501 1087 in
1526 1055 1628 1088 forma
1651 1055 1760 1088 Brevis
1786 1056 1837 1089 die
1860 1067 1891 1091 x1

1155 1107 1281 1156 augugti
1305 1116 1431 1140 MDCLxx
1455 1107 1615 1150 expeditis
1632 1108 1764 1141 uberius
1789 1110 1892 1142 conti-

1154 1164 1266 1199 netur3
1285 1164 1325 1200 et,
1351 1159 1436 1193 sicut
1455 1170 1513 1202 pro
1530 1165 1621 1202 parte
1639 1160 1839 1194 dilectissimi
1857 1162 1890 1195 in

1153 1213 1280 1246 Christo
1305 1211 1362 1244 filii
1388 1212 1491 1245 nostri
1516 1212 1602 1245 Petri
1627 1212 1784 1255 principis
1807 1214 1887 1246 Por-

1154 1265 1306 1308 tugalliae
1331 1270 1362 1298 et
1379 1264 1608 1307 Algarbiorum
1631 1275 1807 1307 regnorum
1833 1276 1890 1309 gu-

1154 1318 1339 1352 bernatoris
1370 1317 1465 1350 nobis
1490 1327 1595 1360 nuper
1619 1318 1799 1360 expositum
1816 1307 1895 1361 fuit}

1154 1372 1224 1415 ipse
1249 1380 1378 1414 quoque
1410 1375 1441 1403 et
1465 1370 1633 1403 christiani
1658 1371 1771 1414 populi
1796 1382 1889 1405 coro-

1153 1435 1213 1457 nae
1238 1424 1420 1457 Lusitaniae
1448 1422 1585 1456 subiecti
1616 1423 1747 1458 beatam
1771 1423 1889 1457 Rosam

1153 1477 1340 1520 praefatam,
1359 1486 1441 1519 quae
1461 1480 1645 1508 sanctarum
1662 1475 1822 1518 virginum
1839 1487 1889 1509 ca-

1153 1531 1260 1572 talogo
1284 1530 1372 1562 iuxta
1396 1529 1427 1562 S.
1456 1529 1494 1561 R.
1519 1528 1554 1562 E.
1582 1528 1678 1561 ritum
1703 1539 1721 1562 a
1745 1529 1889 1571 praefato

1151 1583 1315 1616 Clemente
1347 1582 1373 1614 X
1408 1581 1664 1624 praedecessore
1700 1582 1890 1616 solemniter

1151 1635 1314 1678 adscripta
1338 1634 1409 1674 suit,
1430 1633 1587 1677 peculiari
1613 1633 1791 1666 devotionis
1812 1634 1888 1667 affe-

1151 1693 1203 1720 ctu
1238 1692 1490 1730 prosequantur,
1530 1692 1562 1719 et
1596 1690 1771 1729 propterea
1802 1685 1905 1739 idem!¹

1152 1740 1264 1772 Petrus
1280 1739 1442 1782 princeps,
1457 1739 1496 1771 ad
1514 1738 1748 1771 confovendam
1766 1749 1889 1772 eorum·
1903 1740 1905 1743 ’

1152 1793 1223 1825 dem
1250 1793 1446 1835 populorum
1472 1791 1638 1834 pietatem,
1662 1796 1846 1835 opportune
1871 1802 1890 1826 a

1152 1845 1246 1878 nobis
1281 1844 1442 1888 provideri
1480 1854 1515 1877 ac
1551 1849 1586 1876 ut
1619 1843 1704 1877 infra
1727 1843 1889 1887 indulgeri

1153 1898 1326 1941 plurimum
1351 1897 1539 1930 desideret:

1197 1951 1211 1993 §j
1228 1950 1344 1989 2.Nos,
1358 1950 1421 1993 piis
1437 1949 1608 1993 enixisque
1622 1948 1774 1994 precibus
1787 1950 1890 1994 ipsius
1915 1956 2082 1986 ,Novaexvonsto

1154 2004 1240 2037 Petri
1265 2004 1422 2047 principis
1447 2003 1577 2037 nomine
1597 2004 1693 2038 nobis
1711 2015 1811 2048 super
1827 1983 2082 2038 hoeggssdgssm‘ffl}

1156 2057 1324 2090 humiliter
1359 2056 1515 2100 porrectis
1550 2057 1691 2100 benigne
1724 2041 1965 2098 inclinatistraigf’a
1979 2036 2082 2058 adm·

1156 2121 1293 2153 eumque
1318 2121 1335 2143 a
1355 2109 1519 2153 quibusvis
1536 2110 1892 2151 excommunicationis,

1155 2164 1378 2207 suspensionis
1410 2168 1442 2196 et
1472 2163 1649 2203 interdicti,
1678 2163 1815 2206 aliisque
1840 2173 1892 2196 ee-

1156 2217 1343 2250 clesiasticis
1361 2216 1542 2257 sententiis,
1557 2216 1703 2249 censuris
1721 2221 1753 2248 et
1765 2216 1893 2259 poenis,

1156 2280 1173 2302 a
1197 2270 1266 2302 iure
1291 2270 1343 2302 vel
1367 2270 1406 2302 ab
1432 2268 1574 2309 homine,
1592 2268 1703 2312 quavis
1722 2267 1892 2302 occasione

1155 2323 1204 2355 vel
1229 2323 1323 2355 causa
1344 2322 1428 2361 latis,
1453 2321 1478 2354 si
1503 2321 1621 2364 quibus
1647 2321 1895 2364 quomodolibet

1156 2375 1329 2407 innodatus
1354 2374 1474 2414 existit,
1500 2374 1539 2406 ad
1565 2373 1712 2407 effectum
1737 2383 1894 2416 praesen-

1157 2428 1236 2460 tium
1273 2427 1436 2459 dumtaxat
1469 2426 1743 2469 consequendum,
1777 2426 1893 2459 harum

1157 2479 1241 2511 serie
1259 2479 1466 2511 absolventes
1487 2484 1519 2511 et
1536 2479 1719 2511 absolutum
1736 2478 1804 2511 sore
1820 2489 1895 2511 cen-

1157 2536 1276 2571 sentes,
1303 2542 1338 2563 ac
1365 2537 1528 2564 ternarum
1555 2531 1735 2564 litterarum
1768 2531 1893 2573 praesa-

1157 2589 1261 2616 tarum
1298 2589 1428 2617 tenores
1453 2583 1677 2629 praesentibus
1710 2593 1770 2626 pro
1794 2584 1894 2627 plene
