2111 3157
211 227 259 252 An.
276 226 306 253 e.
326 225 392 253 ¹688
438 218 503 252 883

401 288 467 310 non
492 277 666 317 intersunt,
693 282 742 310 ter
769 277 870 309 Pater
896 281 1003 309 noster
1027 281 1059 309 et
1090 281 1138 310 ter

401 332 469 366 Ave
492 331 602 364 Maria
627 340 697 363 cum
722 329 825 362 veniis
851 329 973 362 dicant.
1054 368 1056 370 q

447 395 494 418 111.
522 384 545 417 A
564 383 667 427 capite
686 382 798 415 ieiunii
819 393 924 425 usque
942 382 980 415 ad
999 382 1135 422 Pascha,

402 443 474 481 post
498 447 627 475 nonam,
652 435 816 479 prostrati,
844 440 892 468 ter
915 435 1017 468 Pater
1031 438 1138 467 noster

403 497 434 523 ct
469 494 516 523 ter
549 489 617 523 Ave
651 488 762 522 Maria
793 498 852 531 pro
878 487 988 520 misssa
1013 489 1138 531 persol-

400 548 488 575 vant.
652 555 654 557 ’

445 607 487 630 iv.
530 596 696 629 Dominiczi
735 596 768 628 in
806 595 914 628 Ramis
953 595 1137 627 Palmarum

401 661 514 683 omnes
551 650 697 683 conversi
735 649 766 681 in
797 649 938 692 capitulo
963 649 1138 682 monacho-

400 714 470 737 rum
495 703 698 742 conveniant,
726 703 836 746 ibique
857 701 1138 735 excommunicen-

400 762 451 789 tur
475 767 586 790 omnes
612 756 840 800 proprietarii,
866 755 932 798 qui,
951 754 1135 788 occultandi

399 810 506 843 animo
538 811 587 843 vel
621 809 765 849 celandi,
791 808 912 852 aliquid
946 809 1030 841 ultra
1052 809 1137 841 valo-

400 871 467 895 rem
494 862 591 895 trium
616 862 794 895 solidorum
811 861 1049 901 turonensium,
1068 861 1137 904 qui-

399 916 459 948 bus
483 925 569 948 nunc
589 914 851 958 correspondent
877 913 1135 956 vigintiquinque

399 977 487 1001 asses
524 967 652 1010 gallici,
680 966 889 1006 retinuerint,
927 965 1134 1005 donaverint,

398 1021 671 1064 permutaverint,
694 1021 743 1053 vel
776 1019 840 1052 alio
866 1018 1014 1062 quolibet
1038 1019 1134 1051 modo

398 1073 631 1112 alienaverint,
667 1076 698 1106 et
730 1072 809 1105 illud
834 1083 891 1105 suo
921 1071 1021 1115 priori
1047 1082 1136 1104 reve-

397 1126 465 1159 lare
486 1126 535 1158 vel
553 1125 711 1164 confiteri,
728 1126 841 1158 saltem
861 1125 1061 1168 temporibus
1077 1130 1136 1157 sta-

398 1179 485 1218 tutis,
500 1179 641 1212 scienter
654 1178 873 1220 neglexerint:
895 1179 958 1211 hoc
974 1182 1023 1210 est
1041 1189 1135 1221 prae-

397 1234 515 1271 sentes,
533 1241 636 1273 usque
657 1231 695 1263 ad
722 1231 805 1263 diem
828 1230 952 1263 Coenae
971 1230 1134 1271 inclusive,

397 1285 548 1317 absentes
574 1294 660 1323 vero,
686 1294 787 1327 usque
812 1284 852 1316 ad
878 1284 963 1316 diem
988 1288 1133 1316 octavum

396 1337 590 1371 reversionis
623 1348 734 1370 eorum
766 1336 799 1369 in
831 1337 964 1369 domum
989 1341 1062 1379 post
1087 1336 1132 1368 di-

396 1395 481 1422 ctum
508 1390 693 1422 terminum.

438 1454 469 1476 v.
501 1443 615 1476 Tribus
649 1444 763 1476 diebus
800 1448 874 1488 ante
909 1443 1031 1476 Pascha
1067 1453 1131 1475 non

396 1501 549 1530 tenentur
584 1496 694 1530 dicere
730 1496 761 1529 in
791 1507 850 1530 suo
875 1497 982 1530 officio
1019 1496 1132 1529 Gloria

394 1550 494 1583 Patra·
517 1555 593 1594 post
616 1550 797 1583 orationem
821 1550 1027 1583 dominicam.

438 1613 482 1636 vi.
509 1603 543 1636 In
569 1603 621 1636 die
645 1603 773 1636 Coenae
798 1614 911 1636 omnes
936 1603 968 1635 in
993 1604 1132 1636 ecclesia

395 1657 556 1700 superiori
576 1657 614 1689 de
629 1667 724 1688 manu
741 1656 869 1700 prioris,
889 1658 948 1697 vel,
966 1667 1004 1690 eo
1020 1657 1131 1689 absen-

395 1716 437 1749 te,
456 1709 578 1749 vicarii,
605 1709 854 1742 sacratissimum
871 1710 995 1753 Corpus
1013 1709 1130 1743 Christi

394 1762 564 1805 recipiant.
592 1762 662 1805 lpse
680 1762 765 1795 enim
783 1765 857 1796 tunc
881 1762 1018 1795 instituit
1036 1773 1131 1795 vene-

394 1815 495 1848 rabile
526 1820 762 1848 saeramentum
795 1814 920 1854 altaris,
955 1820 986 1847 et
1015 1825 1129 1847 omnes

393 1867 513 1901 ibidem
527 1873 715 1911 praesentes
732 1868 797 1900 suis
815 1867 1043 1900 sacratissimis
1064 1879 1130 1900 ma-

393 1920 488 1954 nibus
529 1921 610 1955 tanti
648 1920 799 1955 beneficii
841 1920 1016 1965 participes
1059 1931 1129 1953 esse

393 1975 482 2008 fecit.

437 2039 491 2063 vn.
531 2030 618 2063 Hora
650 2034 757 2062 autem
794 2027 968 2061 constituta
1002 2039 1127 2068 omnes,

392 2088 548 2125 quantum
573 2088 723 2126 possunt,
749 2082 844 2115 simul
871 2091 942 2115 cum
960 2080 1128 2114 monachis

392 2135 430 2168 ad
455 2137 642 2168 mandatum
668 2136 701 2168 in
726 2135 902 2178 capitulum
924 2134 1127 2174 conveniant,

393 2193 425 2221 et
450 2189 493 2221 ibi
515 2195 686 2221 exerceant
710 2199 804 2221 suum
840 2187 1069 2227 ministerium,
1097 2192 1129 2220 et

392 2252 504 2275 eorum
528 2242 628 2285 pedes
654 2243 821 2274 laventur:
847 2241 907 2283 ipsi
940 2245 1047 2273 tamen
1073 2240 1128 2272 de-

391 2295 470 2328 bent
490 2301 563 2327 ante
582 2305 654 2327 suos
671 2296 776 2327 lavare
793 2294 905 2337 pedes,
928 2299 961 2326 et
985 2304 1019 2326 se
1038 2304 1128 2336 prae-

391 2358 506 2390 parare
531 2352 666 2391 propter
690 2347 847 2381 lotionem
873 2347 994 2390 pedum
1013 2346 1129 2378 sacien-

391 2401 465 2432 dam
504 2411 562 2443 per
597 2401 753 2444 priorem.
788 2399 878 2437 Quod
911 2399 937 2431 si
962 2399 1127 2440 contingat

392 2453 566 2494 aliquando
591 2453 714 2496 aliquos
734 2453 847 2485 fratres
864 2453 963 2485 laicos
979 2452 1011 2484 in
1032 2452 1127 2484 domo

391 2505 535 2538 inferiori
571 2506 632 2538 hoc
667 2506 718 2538 die
754 2513 904 2545 manere,
927 2505 974 2538 illi
999 2504 1128 2537 veniant

391 2564 465 2602 post
490 2558 658 2599 prandium
684 2558 722 2591 ad
749 2558 929 2602 coquinam,
956 2563 987 2591 et
1011 2558 1051 2590 ab
1076 2567 1126 2596 eo,

391 2611 445 2656 qui
463 2611 555 2656 prior
570 2616 617 2644 est
635 2611 760 2653 ordine,
779 2612 825 2644 eis
845 2612 994 2645 laventur
1011 2611 1123 2656 pedes.

981 229 1159 253 BULLARIUM
1184 231 1335 255 ROMANFM

1223 288 1293 311 v111.
1321 279 1355 311 ln
1379 279 1534 319 crastino,
1559 280 1621 313 hoc
1645 285 1692 315 est
1723 282 1915 325 parasceve,

1179 336 1254 374 post
1269 341 1397 371 nonam,
1416 342 1499 376 quae
1522 334 1593 376 plus
1614 336 1651 367 ea
1668 334 1719 368 die
1744 346 1838 378 quam
1865 347 1919 370 ce-

1181 383 1257 416 teris
1283 384 1438 426 differtur,
1463 386 1502 419 ad
1523 387 1693 420 ecclesiam
1714 389 1916 429 conveniant,

1180 436 1289 480 ibique
1323 437 1432 472 dicent
1454 439 1556 472 Pater
1585 445 1692 473 noster
1723 442 1824 475 semel
1855 452 1918 485 pro

1179 490 1340 531 Ecclesia,
1366 493 1467 526 semel
1503 503 1562 536 pro
1587 493 1690 537 Papa,
1721 496 1822 529 semel
1856 505 1916 539 pro

1180 544 1340 588 episcopis
1375 549 1407 579 et
1437 547 1561 579 cunctis
1594 548 1694 580 sacris
1725 548 1915 590 ordinibus,

1180 601 1280 632 semel
1306 610 1364 642 pro
1389 600 1585 643 imperatore
1610 611 1665 634 seu
1691 611 1788 644 rege,
1815 604 1916 637 semel

1181 663 1237 695 pro
1263 653 1524 693 catechumenis,
1562 656 1663 688 semel
1699 665 1758 698 pro
1792 656 1917 690 cunctis

1179 706 1303 739 afflictis
1321 706 1399 739 etin
1418 707 1572 750 periculis
1591 707 1786 748 constitutis,
1815 709 1916 744 semel

1179 770 1238 802 pro
1258 760 1438 799 haereticis,
1457 761 1556 793 semel
1579 771 1637 804 pro
1656 760 1793 802 iudaeis,
1814 763 1916 796 semel

1179 824 1238 856 pro
1264 813 1408 856 paganis,
1436 814 1497 846 hoc
1523 818 1571 846 est
1595 824 1711 847 novem
1731 814 1864 855 vicibus,
1885 820 1918 849 et

1179 867 1218 898 ad
1243 866 1386 908 singulas
1411 866 1505 906 vices,
1530 868 1664 910 excepta
1688 869 1811 907 octava,
1832 878 1916 910 quae

1180 926 1228 951 est
1253 930 1312 962 pro
1340 919 1474 958 iudaeis,
1511 919 1635 952 veniam
1668 925 1808 953 sumant.
1841 920 1918 953 Post

1179 972 1356 1004 monachos
1381 971 1510 1004 nudatis
1533 972 1672 1014 pedibus
1702 972 1915 1006 incendentes

1178 1025 1309 1057 Crucem
1336 1025 1474 1057 adorent
1498 1025 1642 1057 dicentes
1678 1024 1798 1067 singuli
1831 1025 1915 1058 intra

1178 1088 1228 1109 se:
1246 1077 1432 1110 Aderam-us
1448 1081 1483 1116 le,
1501 1078 1637 1116 Christe,
1652 1085 1679 1109 et
1697 1077 1914 1110 benedicimus

1179 1131 1259 1169 tibi,
1287 1130 1366 1173 quia
1395 1140 1452 1173 per
1475 1134 1621 1162 sanctam
1659 1130 1791 1164 Crucem
1824 1136 1915 1163 tuam

1178 1182 1345 1214 redemisli
1369 1182 1540 1221 mundum,
1570 1186 1626 1214 etc.
1655 1183 1723 1215 Hoc
1743 1182 1838 1215 etiam
1863 1183 1915 1216 die

1178 1235 1324 1268 conversi
1359 1235 1469 1268 iuvent
1500 1235 1667 1268 sacristam
1691 1235 1730 1268 ad
1756 1236 1914 1269 mundan-

1179 1288 1249 1320 dam
1275 1288 1458 1321 ecclesiam.

1221 1352 1262 1374 lx.
1290 1341 1430 1374 Sabhato
1455 1346 1566 1374 sancto
1592 1341 1708 1373 fratres
1740 1340 1795 1384 qui
1819 1351 1914 1385 supe-

1178 1394 1243 1425 rius
1268 1400 1499 1433 renmnserant,
1525 1403 1649 1426 summo
1670 1403 1763 1426 mane
1780 1393 1915 1426 descen-

1177 1446 1254 1478 dant
1266 1447 1306 1478 ad
1324 1446 1456 1478 domum
1475 1445 1673 1485 inferiorem,
1692 1445 1856 1479 reversuri
1872 1446 1912 1480 ad

1175 1510 1340 1541 vesperas.

1218 1561 1246 1583 x.
1275 1550 1413 1583 Durante
1440 1550 1644 1583 hebdomada
1661 1550 1794 1593 capituli
1812 1561 1912 1593 gene·

1176 1604 1261 1644 ralis,
1280 1603 1426 1637 conversi
1452 1603 1559 1636 dicant
1578 1603 1714 1646 singulis
1733 1603 1846 1636 diebus
1863 1614 1913 1637 se-

1174 1659 1236 1690 mel
1262 1658 1486 1691 paternoster
1510 1662 1542 1689 et
1565 1657 1631 1690 Ave
1648 1656 1756 1689 Maria
1780 1667 1839 1699 pro
1864 1656 1912 1690 di-

1173 1711 1319 1744 rectione
1344 1710 1489 1743 eiusdem
1516 1709 1647 1753 capituli
1673 1710 1851 1752 generalis,

1217 1775 1258 1798 xi.
1285 1764 1401 1797 Omnes
1426 1762 1575 1796 conversi
1601 1768 1632 1796 et
1664 1763 1774 1796 donati
1807 1763 1910 1807 prima

1174 1818 1336 1851 dominica
1360 1817 1533 1850 cuiuslibet
1557 1816 1676 1849 mensis
1702 1827 1775 1850 cum
1801 1817 1910 1850 debita

1173 1870 1422 1915 praeparatione
1448 1875 1480 1903 et
1499 1869 1704 1902 consessione
1737 1869 1909 1913 (quantum

1173 1925 1276 1957 facere
1289 1925 1417 1964 debent,
1433 1924 1515 1957 hora
1523 1925 1667 1965 congrua
1681 1928 1753 1956 ante
1768 1923 1910 1963 missam,

1172 1978 1203 2010 in
1230 1988 1291 2020 qua
1327 1976 1597 2010 communicaturi
1628 1976 1717 2018 sunt)
1753 1976 1909 2009 Euchari-

1172 2031 1253 2063 stiae
1272 2033 1507 2063 sacramentum
1528 2029 1640 2062 devote
1658 2028 1827 2071 recipiant,
1848 2028 1909 2061 nisi

1171 2083 1264 2116 aliter
1287 2083 1430 2125 legitime
1456 2087 1561 2115 essent
1593 2081 1741 2124 impediti
1773 2081 1908 2114 arbitrio

1170 2147 1300 2169 suorum
1319 2134 1605 2168 confessariorum:
1631 2140 1663 2166 et
1680 2139 1757 2167 tunc
1776 2134 1839 2168 alio
1857 2134 1908 2168 die

1171 2189 1209 2221 ad
1246 2187 1416 2221 arbitrium
1441 2187 1559 2230 prioris
1593 2187 1847 2220 communicent.
1874 2188 1907 2221 ln

1171 2241 1429 2274 solemnitatibus
1453 2241 1579 2273 Coenae
1599 2239 1736 2280 Domini,
1756 2240 1906 2281 Paschae,

1171 2295 1399 2333 pentecostes,
1426 2293 1576 2336 Corporis
1599 2293 1747 2333 Domini,
1776 2299 1808 2327 et
1835 2304 1908 2327 san-

1170 2347 1212 2380 cti
1230 2347 1330 2390 patris
1357 2345 1458 2379 nostri
1484 2345 1642 2379 Brunonis
1666 2346 1906 2380 communicare

1171 2400 1266 2432 etiam
1293 2400 1426 2432 debent.

1213 2463 1267 2485 xn.
1296 2451 1502 2484 Consulimus
1528 2456 1564 2484 ut
1597 2461 1709 2484 omnes
1736 2456 1798 2485 tam
1823 2461 1903 2486 con·

1169 2505 1249 2538 versi
1275 2515 1369 2549 quain
1395 2504 1503 2538 donati
1529 2504 1664 2548 singulis
1695 2504 1907 2539 hebdomadi-

1169 2559 1228 2591 bus
1247 2558 1462 2592 confiteantur
1481 2558 1596 2592 diebus
1621 2558 1836 2592 abstinentiae
1849 2558 1905 2592 de-

1168 2611 1300 2657 putatis,
1316 2612 1364 2645 vel
1389 2610 1453 2646 alio
1478 2611 1529 2645 die
1555 2611 1594 2645 ad
1619 2610 1788 2645 arbitrium
1811 2621 1905 2656 prae-

1926 235 1979 263 An.
1995 235 2024 264 C.
2040 238 2109 267 ¹688.
