2111 3157
183 196 232 221 An.
250 193 277 220 C.
303 193 366 221 1677

261 362 367 387 nppidnm

184 390 205 409 S.
218 390 320 410 limium
332 390 367 410 de·
400 402 405 407 ·

183 418 290 437 nubitur.

237 2371 341 2397 Oppidum
364 2369 385 2390 S.

205 2399 233 2419 Lu
244 2400 271 2417 lm
280 2405 290 2416 ιι
302 2405 305 2417 1

206 2415 555 2451 rmus-maMaru-rabilibus
578 2414 730 2446 fratribus
756 2412 873 2445 nostris
897 2412 929 2445 S.
949 2411 985 2444 R.
1005 2411 1038 2444 E.
1067 2422 1137 2444 car-

415 186 456 219 53

378 243 554 286 inspicere,
577 242 719 286 aliasque
737 246 845 285 partes
869 240 947 274 boni
973 240 1113 284 pastoris

379 295 411 328 in
436 296 621 328 universum
648 305 798 327 exercere
824 294 998 336 nequeat),

423 349 437 392 ξ
462 348 493 381 ⁶2.
521 348 701 380 Attendens
723 346 808 390 quod
834 346 867 378 in
887 346 971 379 dicta
990 345 1115 389 provin-

379 405 428 435 cta
452 401 647 444 Maragnani,
666 401 748 432 ultra
769 399 831 432 alia
855 399 1010 431 notabilia
1034 400 1113 437 loca,

380 455 561 498 reperiatur
579 464 677 485 unum
690 453 847 496 oppidum
865 452 977 485 civitas
993 462 1116 484 nuncu-

379 513 488 551 patum
514 507 544 540 S.
575 505 725 538 Ludovici
754 517 771 538 a
801 505 850 538 bis
875 505 964 537 mille
994 504 1116 537 christi-

380 559 530 593 lidelibus
556 559 784 598 inhabitatum,
812 563 843 590 et
867 568 980 600 regum
1001 557 1116 590 Portu-

381 612 495 654 galliae
510 610 654 644 dominio
673 610 860 650 subiectum,
879 610 961 643 aeris
982 608 1117 642 salubri-

381 670 446 697 tate
471 674 506 696 ac
538 663 650 706 populi
684 663 868 705 frequentia
900 668 931 695 et
964 672 1116 695 commer-

381 717 454 757 cio,
482 716 694 760 pluribusque
732 715 874 748 virorum
910 714 1117 747 monasteriis

381 770 527 812 insigne,
554 769 643 801 cuius
675 768 802 801 incolae
839 767 968 810 generis
1001 766 1118 799 nobili-

381 828 456 862 tate,
474 822 718 864 litterarumque
734 827 766 854 et
785 830 948 853 armorum
966 819 1118 862 gradibus

383 875 588 915 decorantur,
612 879 642 906 et
669 873 701 905 in
728 873 813 906 dicto
839 872 978 916 oppido¹
1009 872 1038 904 S.
1060 871 1118 903 Lu-

383 928 485 960 dovici
500 938 562 959 una
580 926 717 960 ecclesia
734 925 848 958 matrix
868 930 899 957 et
918 924 1117 967 priiipralis,

383 980 492 1014 alteris
517 980 597 1012 inibi
624 979 835 1011 existentibus
859 977 972 1017 maior,
991 977 1049 1009 sub
1073 976 1120 1008 in-

382 1033 549 1066 vocatione
575 1032 710 1065 Nostrae
727 1031 880 1063 Dominae
899 1029 1068 1070 Victoriae,
1088 1029 1119 1060 in

384 1096 446 1128 qua
478 1096 536 1129 per
566 1085 721 1117 vicarium
755 1088 786 1116 et
822 1083 997 1115 nonnullos
1033 1092 1120 1124 pres-

381 1140 530 1182 byteros,
556 1137 695 1180 propriis
721 1135 899 1168 redditibus
926 1145 961 1167 ex
995 1134 1120 1167 aerario

384 1192 475 1234 regio
500 1191 650 1229 viventes,
669 1189 765 1221 missa
786 1193 817 1221 et
841 1188 902 1220 alia
928 1187 1035 1220 divina
1054 1186 1121 1219 offi-

384 1244 433 1277 cia
457 1244 684 1281 celebrantur,
712 1248 743 1274 et
767 1241 986 1274 ecclesiastica
1017 1249 1123 1272 sacra-

384 1303 493 1330 menta
509 1296 783 1334 administrantur,
799 1294 993 1337 iampridem
1015 1298 1122 1326 erecta

385 1356 418 1383 et
435 1351 566 1383 fundata
592 1348 710 1388 existit,
738 1353 978 1391 proptereaque
1004 1347 1122 1379 dictum

385 1404 540 1447 oppidum
575 1402 605 1434 S.
644 1401 799 1434 Ludovici
831 1411 849 1432 a
880 1399 1019 1432 dioecesi
1051 1400 1124 1432 Bra-

386 1456 511 1489 siliensi
538 1452 798 1493 dismeinbi‘ai¹i²‚
826 1458 857 1486 et
889 1453 921 1484 in
947 1452 1122 1490 civitatem,

387 1511 538 1552 dictaque
564 1507 701 1541 ecclesia
723 1507 754 1538 in
783 1506 1004 1539 cathedralem
1029 1504 1122 1547 erigi,

388 1569 419 1596 et
443 1563 477 1594 in
503 1564 539 1594 ea
564 1560 761 1593 catholicum
798 1558 977 1591 antistitem
1013 1563 1044 1590 et
1069 1569 1125 1600 pa-

387 1623 507 1649 storem
526 1614 695 1659 proprium
714 1612 846 1653 institui,
862 1611 915 1655 qui
934 1612 1006 1644 illos
1020 1611 1126 1643 adbuc

388 1671 513 1703 debiles
539 1670 571 1701 in
598 1668 666 1710 ipsa
690 1666 753 1699 fide
779 1665 980 1704 confirmare,
1010 1670 1041 1696 et
1061 1674 1126 1696 ma-

388 1725 456 1757 iora
473 1721 693 1756 ecclesiastica
709 1718 881 1752 seminaria
899 1720 1056 1761 plantare,
1076 1718 1126 1750 do-

389 1778 583 1820 minicisque
610 1775 723 1807 ovibus
749 1778 840 1816 septa
865 1772 1047 1811 aedificare,
1077 1782 1127 1803 ce-

390 1839 524 1874 teraque
550 1827 748 1872 pontificalia
773 1825 882 1858 omnia
906 1825 939 1857 in
964 1825 1027 1858 illis
1053 1836 1127 1869 par-

390 1886 475 1918 tibus
494 1894 646 1917 exercere
673 1883 776 1926 possit
797 1888 828 1915 et
845 1882 973 1921 debeat,
996 1881 1128 1914 omnino

392 1938 559 1980 expediret
579 1938 665 1978 (cum
686 1935 878 1979 praesertim
903 1935 936 1967 in
957 1935 1130 1978 compluri-

392 1993 451 2023 bus
478 1991 607 2034 oppidis
626 1996 657 2023 et
673 1989 754 2023 locis
774 1988 919 2020 eiusdem
945 1987 1129 2030 provinciae

394 2044 433 2076 de
458 2045 652 2086 Maragnano
678 2043 794 2075 multae
812 2046 844 2073 et
865 2041 1011 2075 diversae
1034 2041 1131 2072 eecle-

394 2096 468 2135 siae,
487 2107 522 2129 ac
541 2096 682 2128 virorum
706 2093 914 2132 monasteria,
936 2093 1063 2136 aliaque
1087 2103 1131 2124 sa-

395 2160 447 2181 cra
472 2152 541 2183 loca
566 2150 698 2182 fundata
716 2154 747 2181 et
767 2151 874 2179 erecta
899 2147 1129 2189 reperiantur),

396 2204 574 2238 devotionis
600 2212 677 2234 suae
696 2202 765 2233 zelo
784 2201 896 2233 duetus
918 2198 1133 2242 populisque³

396 2258 429 2290 in
460 2257 523 2290 illis
557 2255 703 2299 partibus
735 2253 930 2295 degentibus
961 2253 1132 2284 consulere

398 2310 572 2354 plurimum
599 2312 796 2351 exoptasset:

442 2363 456 2405 ξ
481 2362 511 2395 3.
534 2361 607 2399 Nos,
626 2362 748 2393 matura
767 2369 865 2402 super
882 2358 932 2391 liis
949 2369 1020 2390 cum
1040 2368 1135 2390 vene-

438 2497 448 2521 1
472 2494 538 2520 Male
554 2492 617 2519 edit.
635 2491 712 2518 Main.
730 2490 793 2524 legit
813 2491 885 2518 dicti
901 2490 1000 2525 oppidi
1016 2490 1052 2524 (a.
1065 2491 1114 2521 τ.).

437 2539 454 2565 2
473 2538 538 2565 Male
554 2537 616 2564 edit.
634 2536 705 2562 Main
737 2535 801 2569 legit
821 2536 1021 2562 dismembrati
1034 2535 1072 2569 (n.
1088 2535 1136 2569 Τ.).

439 2583 455 2611 3
476 2582 567 2609 Potius
587 2582 705 2616 legerem
723 2580 838 2616 populis
860 2580 894 2615 [a.
910 2580 960 2614 Τ.).

964 193 1143 217 ΒΙΣΙ.1.ΛΒΙ[”Μ
1167 193 1318 218 ΚΟΜΑΝΠΜ

1906 195 1955 222 An.
1968 194 1997 223 C.
2020 197 2082 226 1677

1157 241 1320 275 dinalibus
1346 241 1456 275 habita
1473 241 1720 283 deliberatione,
1736 242 1822 276 dicto
1840 242 1968 281 Pe-gnm
1994 263 2005 276 a
2028 257 2083 279 ⁶100.

1159 300 1207 328 tro
1243 294 1390 338 principe
1427 299 1458 327 et
1494 295 1713 337 gubernatore
1744 306 1804 338 per
1828 283 2085 336 eiusfifffln,-¹?„'t{¹2¹lll⁸{

1908 339 1925 355 at
1938 336 1963 355 ab
1976 336 2029 356 itlius
2043 337 2086 362 epi-

1158 347 1279 380 litteras
1303 348 1398 380 nobis
1423 347 1461 380 ad
1488 348 1552 381 1100
1577 347 1748 381 humiliter
1773 347 1965 391 suppli-svam
2006 363 2086 384 nnis-n.

1909 391 1976 408 ctione
1987 389 2086 415 eximitur,

1158 407 1269 441 cante,
1304 401 1460 444 oppidum
1493 400 1697 444 praedictum
1728 400 1758 434 S.
1793 401 1929 435 Ludo-et
1950 416 2046 441 «ammam
2065 416 2086 437 in

1159 454 1217 486 vici
1243 455 1424 497 episcopali
1461 460 1492 487 et
1528 455 1612 487 civili
1645 455 1737 488 titulo
1764 444 2087 497 dignum3¹l'l'2‘sskll--3'¹÷‘.'.

1159 506 1348 548 iudicantes,
1375 507 1503 550 piisque
1529 507 1606 540 dicti
1630 507 1716 540 Petri
1741 507 1899 550 principis
1910 493 2051 545 affixam
2067 500 2087 516 θ’

1159 561 1239 593 votis
1265 561 1403 593 libenter
1427 565 1616 600 annuentes
1644 561 1683 593 de
1710 560 1900 594 eorumdem

1160 614 1296 646 fratrum
1322 619 1506 647 nostrorum
1533 613 1671 646 consilio
1697 618 1729 646 et
1754 623 1901 653 assensu,

1160 667 1264 709 deque
1290 667 1489 709 apostolicae
1525 666 1695 709 potcstatis.
1725 665 1902 710 plenitudi-

1161 730 1217 759 ne,
1244 720 1401 762 oppidum
1432 720 1463 752 S.
1495 719 1647 753 Ludovici
1671 719 1898 763 praedictum,

1161 783 1231 805 curn
1249 773 1334 805 dicta
1351 772 1515 815 provincia
1529 772 1729 814 Maragnani,
1746 783 1782 804 ac
1800 771 1903 804 omni—

1161 826 1219 858 bus
1245 825 1311 857 suis
1336 825 1456 864 castris,
1484 824 1623 868 oppidis,
1648 824 1747 865 villis,
1775 824 1887 858 territo

1161 878 1217 910 riis
1235 883 1266 910 et
1284 878 1488 910 districtibus
1513 877 1744 910 ecclesiasticis
1773 882 1807 910 et
1830 887 1903 920 per-

1162 931 1251 964 sonis
1282 936 1344 963 tam
1370 930 1587 963 saecularibus
1621 941 1718 973 quam
1751 930 1904 964 ecclesia-

1163 984 1259 1022 sticis,
1273 984 1311 1016 ab
1329 983 1495 1016 ordinaria
1511 982 1736 1016 iurisdictione
1755 982 1903 1026 episcopi

1164 1037 1368 1070 Brasiliensis
1401 1041 1564 1080 perpetuo
1600 1047 1830 1078 segregamus,
1857 1035 1905 1069 di-

1164 1090 1302 1122 vidimus
1337 1095 1368 1122 et
1393 1099 1602 1132 separamus,
1633 1089 1753 1132 illaque
1779 1089 1902 1129 omnia,

1166 1143 1271 1185 quoad
1298 1144 1402 1184 legem
1427 1142 1665 1182 dioecesanam,
1693 1142 1732 1174 ab
1757 1142 1904 1185 episcopi

1166 1195 1368 1228 Brasiliensis
1393 1195 1639 1237 superioritate,
1666 1194 1903 1235 iurisdictione,

1166 1253 1327 1291 potestate
1347 1275 1354 1288 ,
1389 1248 1592 1281 subiectione
1613 1275 1620 1288 ‚
1657 1247 1841 1281 visitatione
1875 1253 1907 1281 et

1166 1301 1369 1334 correctione
1387 1311 1520 1343 prorsus
1544 1301 1712 1333 eximimus
1736 1305 1768 1333 et
1789 1301 1907 1334 libera-

1166 1365 1257 1393 mus,
1284 1364 1319 1386 ac
1344 1353 1500 1397 oppidum
1530 1353 1561 1387 S.
1597 1353 1751 1386 Ludovici
1776 1353 1907 1397 praedi-

1167 1414 1251 1440 ctum
1281 1407 1438 1446 civitatis,
1463 1407 1617 1450 illiusque
1643 1407 1767 1440 incolas
1792 1407 1907 1440 civium

1167 1460 1322 1499 nomine,
1348 1461 1442 1493 titulo
1468 1465 1499 1493 et
1528 1461 1654 1493 honore
1691 1461 1905 1500 decoramus,

1168 1514 1314 1556 illudque
1336 1513 1368 1545 in
1393 1513 1565 1552 civitatem,
1591 1523 1673 1555 quae
1698 1512 1729 1545 S.
1753 1512 1907 1545 Ludovici

1169 1566 1409 1605 denominetur,
1429 1571 1461 1598 et
1481 1566 1512 1598 in
1532 1576 1570 1598 eo
1588 1565 1707 1598 dictam
1724 1564 1907 1605 ecclesiam,

1169 1619 1301 1652 Nostrae
1333 1618 1488 1651 Dominae
1513 1618 1671 1651 Victoriae
1693 1617 1849 1658 dicatam,
1876 1618 1908 1650 in

1169 1672 1389 1705 cathedralem
1416 1671 1596 1711 ecclesiam,
1621 1671 1680 1703 sub
1705 1670 1908 1705 invocatione

1170 1724 1314 1757 eiusdem
1355 1723 1490 1756 Nostrae
1530 1723 1685 1756 Dominae
1724 1723 1884 1757 Victoriae
1901 1750 1908 1764 ‚

1170 1788 1229 1821 pro
1255 1788 1320 1810 uno
1357 1777 1513 1820 episcopo
1539 1776 1570 1809 S.
1603 1776 1757 1809 Ludovici
1786 1787 1910 1810 nuncu-

1171 1831 1300 1873 pando,
1328 1829 1382 1872 qui
1414 1829 1461 1861 illi
1497 1829 1641 1872 praesit,
1670 1839 1707 1861 ac
1739 1830 1908 1863 ecclesiam

1171 1883 1272 1926 ipsam
1297 1893 1353 1915 seu
1382 1882 1471 1916 illius
1496 1887 1675 1914 structuras
1709 1881 1858 1924 perficiat
1881 1888 1912 1915 et

1171 1936 1210 1968 ad
1237 1936 1374 1968 sormam
1398 1934 1595 1968 cathedralis
1627 1934 1783 1967 ecclesiae
1806 1935 1909 1977 redigi

1173 1990 1290 2029 saciat,
1318 1999 1378 2021 nec
1403 1999 1469 2021 non
1490 1988 1522 2020 in
1548 1990 1586 2020 ea
1618 1992 1649 2020 et
1674 1988 1757 2021 dicta
1783 1988 1911 2022 civitate

1173 2053 1208 2076 ac
1228 2042 1374 2075 eiusdem
1399 2041 1556 2074 ecelesiae
1574 2041 1717 2074 dioecesi
1741 2046 1789 2074 tot
1808 2041 1912 2084 digni-

1174 2100 1266 2135 tates,
1291 2094 1499 2128 canonicatus
1529 2099 1562 2126 et
1592 2094 1810 2137 praebendaS,
1835 2095 1912 2128 alia-

1175 2158 1236 2191 que
1258 2147 1416 2180 benesscia
1442 2146 1669 2185 ecclesiastica,
1688 2156 1760 2179 cum
1780 2148 1857 2179 cura
1880 2151 1913 2179 et

1175 2201 1245 2233 sinc
1271 2202 1354 2239 cuia,
1383 2205 1462 2242 quot
1497 2199 1577 2231 inibi
1614 2199 1724 2232 divino
1755 2199 1857 2232 cultui
1880 2204 1912 2232 et

1176 2253 1280 2285 dictae
1307 2252 1463 2285 ecclesiae
1489 2251 1622 2285 servitio
1647 2262 1683 2285 ac
1704 2252 1912 2286 ecclesiastici

1176 2305 1254 2338 cleri
1280 2305 1389 2338 decori
1415 2305 1477 2337 sibi
1502 2305 1697 2337 videbuntur
1730 2306 1913 2345 convenire,

1177 2359 1215 2390 de
1232 2357 1388 2401 praedicti
1407 2357 1491 2390 Petri
1516 2357 1672 2401 principis
1697 2363 1729 2390 et
1752 2368 1811 2400 pro
1836 2363 1915 2391 tern-

1178 2420 1256 2454 pore
1282 2409 1449 2442 existentis
1469 2409 1686 2452 Portugalliae
1703 2415 1735 2442 et
1751 2410 1915 2453 Algarbio-

1179 2474 1248 2495 rum
1274 2463 1360 2505 regis
1385 2462 1524 2495 consilio
1550 2467 1581 2495 et
1604 2472 1747 2503 assensu,
1769 2468 1801 2495 et
1824 2473 1916 2506 prae-

1180 2516 1228 2548 via
1257 2526 1369 2548 eorum
1406 2517 1547 2558 congrua
1582 2515 1749 2548 dotatione
1773 2516 1813 2549 ab
1837 2514 1914 2558 ipsis

1180 2570 1273 2603 Petro
1298 2569 1446 2613 principe
1479 2573 1511 2602 ct
1541 2567 1672 2611 regibus
1698 2569 1912 2612 Portugalliae
