2111 3157
188 200 238 227 An.
256 200 286 229 C.
308 200 375 228 toss

421 191 486 225 790

555 258 584 279 lx
605 257 703 279 NOVAM
725 256 944 277 COLLECTIONEM

457 306 650 327 STATUTonmt
674 305 788 326 (tRDtNts
812 303 1039 325 CARTHUSIENSIS

664 353 825 375 PROLOGUS.

421 408 467 440 Ad
486 408 541 440 Dei
560 408 700 447 laudem,
727 415 871 440 nostram
898 406 1113 439 subditorum-

376 471 438 504 que
465 467 646 494 nostrorum
665 461 808 494 omnium
835 470 1038 493 communem
1064 469 1113 491 sa-

374 514 528 547 tutemet
557 525 680 557 pacem,
709 520 740 547 et
770 513 995 547 observantiae
1017 523 1113 554 regu-

373 568 451 599 laris
476 574 696 609 augmentum,
721 578 791 607 nos,
817 567 959 600 humiles
985 566 1110 605 fratres,
1131 591 1134 618 Ι

373 619 557 653 Bernardus
583 621 674 663 prior
698 621 828 653 maioris
850 621 963 653 domus
980 618 1112 653 Carthu-

372 672 459 712 siae,
482 673 649 716 ceterique
676 673 865 705 definitores
899 672 1033 715 capituli
1059 682 1112 714 ge-

371 725 492 758 neralis
517 726 617 758 nostri
644 726 882 759 Cartliusiensis
902 725 1030 758 Ordinis
1056 735 1111 757 an-

371 788 413 811 no
430 788 570 812 tttDLxxXI
587 778 775 812 Carthusiae
795 779 961 818 celebrati,
995 789 1109 811 novam

370 831 454 864 hanc
480 837 671 864 statutorum
698 832 939 872 collectionem,
975 842 1011 864 ex
1038 842 1111 864 con-

369 885 595 917 suetudinibus
612 885 776 928 (hugonis,
794 886 936 929 antiquis
963 891 993 919 et
1018 885 1110 918 novis

369 938 509 978 statutis,
536 939 630 970 tertia
647 939 887 981 compilatione,
906 938 1108 981 generalium

368 992 581 1034 capitulorum
614 992 884 1033 ordinationibus,
919 996 1108 1024 statutorum

367 1044 619 1085 concordantiis,
652 1045 778 1085 glossis,
806 1055 841 1077 ac
878 1044 1106 1077 caeremoniali

366 1097 450 1131 libro
477 1097 589 1130 domus
607 1103 738 1130 nostrae
757 1098 887 1130 maioris
905 1097 1104 1137 Carthusiae,

366 1151 516 1183 omnibus
534 1150 627 1183 simul
646 1151 780 1191 collatis,
794 1157 825 1183 et
838 1151 1030 1194 quibusdam
1045 1162 1105 1195 pro

366 1209 547 1246 temporum
565 1214 779 1246 personarum
798 1210 829 1237 et
846 1214 1014 1237 causarum
1030 1215 1106 1247 qua-

363 1257 453 1290 litate
486 1262 517 1289 et
542 1256 736 1289 necessitate
762 1258 942 1300 prudenter
967 1263 999 1290 et
1023 1259 1105 1291 salu-

363 1308 468 1341 briter
504 1309 658 1342 resecatis
690 1320 744 1342 seu
772 1310 963 1350 emendatis,
990 1310 1105 1353 aliqui-

363 1361 423 1394 bus
445 1361 539 1394 etiam
566 1362 682 1394 additis
699 1363 831 1395 utilibus
853 1368 883 1395 et
898 1364 1102 1403 necessariis,

363 1415 402 1447 de
421 1416 573 1448 mandato
593 1420 703 1448 nostro
721 1416 900 1456 collectam,
918 1422 948 1448 et
964 1427 1101 1457 omnem,

364 1479 444 1510 quae
470 1469 501 1500 in
527 1468 687 1500 universis
712 1469 887 1511 praedictis
913 1470 1047 1502 confusa
1072 1475 1102 1502 et

364 1521 509 1563 dispersa
535 1521 736 1561 habebatur,
763 1521 973 1554 substantiam
1004 1523 1100 1555 simul

363 1579 561 1616 compactam
585 1579 616 1606 et
641 1575 843 1607 coniunctam
879 1575 911 1607 in
948 1586 981 1608 se
1015 1586 1101 1608 coin-

362 1628 569 1669 plectentem,
608 1627 774 1670 tribusque
811 1628 955 1670 partibus
991 1628 1101 1661 distin-

363 1686 458 1720 ctam,
478 1686 572 1723 atque
594 1681 652 1712 sub
678 1680 743 1713 suis
771 1681 868 1714 titulis
894 1687 925 1713 et
950 1682 1099 1724 capitulis

363 1733 552 1772 ordinatam,
567 1744 624 1775 per
649 1744 707 1766 nos
728 1739 758 1766 et
784 1734 953 1776 deputatos
971 1746 987 1767 a
1006 1736 1099 1767 nobis

363 1786 536 1827 diligenter
561 1786 786 1831 examinatam,
807 1793 838 1819 et
862 1788 924 1820 iam
950 1790 1048 1821 semel
1071 1794 1101 1821 et

362 1840 507 1872 secundo
542 1850 602 1882 per
640 1840 703 1872 duo
740 1840 890 1882 capitula,
927 1841 1100 1874 accedente

363 1903 526 1926 consensu
562 1898 738 1925 conventus
763 1893 965 1934 Carthusiae,
987 1906 1102 1938 appro-

362 1947 468 1979 batam
494 1952 526 1978 et
549 1945 780 1986 confirmatam,
808 1947 924 1980 iterum
955 1958 1040 1980 nune
1069 1954 1102 1981 et

362 1999 457 2032 tertio
477 2026 484 2039 ,
525 1999 686 2032 communi
726 2000 869 2033 omnium
913 2006 1099 2035 nostrorum

363 2063 491 2085 necnon
518 2058 549 2085 et
573 2058 749 2086 conventus
773 2053 963 2088 Cartliusiae
996 2056 1100 2089 consi-

361 2106 404 2139 lio
425 2106 547 2149 pariter
571 2112 603 2139 et
627 2117 798 2147 consensu,
824 2109 1016 2142 auctoritate
1034 2110 1100 2152 pri-

362 2159 554 2201 vilegiorum
573 2161 675 2192 nostri
693 2159 831 2201 Ordinis,
847 2162 1025 2202 laudamus,
1045 2173 1099 2205 ap-

351 2211 537 2254 ·probamus
563 2218 595 2245 et
619 2212 858 2254 confirmamus,
878 2220 908 2247 et
932 2225 1001 2248 eam
1026 2226 1098 2247 cum

363 2264 499 2307 singulis
537 2265 570 2297 in
607 2268 643 2298 ea
676 2267 838 2300 contentis
872 2272 904 2300 et
929 2267 1098 2311 descriptis

362 2317 424 2349 vim
450 2323 643 2351 statutorum
668 2319 802 2361 habere,
831 2325 862 2352 et
886 2320 925 2353 ab
951 2321 1099 2354 omnibus

363 2371 464 2402 nostri
488 2370 617 2405 Ordinis
642 2373 792 2415 personis
817 2374 962 2407 studiose
988 2374 1099 2407 obser-

362 2422 429 2454 vari
455 2424 601 2456 volumus
627 2430 658 2457 et
683 2426 882 2459 ordinamus.
900 2426 1003 2469 thue
1029 2427 1100 2459 nul-

362 2474 414 2508 lus
438 2475 638 2518 ignorantiae
664 2477 779 2510 iustam
805 2489 932 2512 causam
950 2484 1100 2522 praeten-

364 2527 442 2561 dere
467 2528 581 2571 possit,
605 2531 753 2563 volumus
784 2533 879 2565 ctiam
912 2538 944 2565 et
972 2532 1100 2565 ordina-

362 2590 457 2623 mus,
478 2581 572 2625 quod,
599 2582 681 2616 insra
705 2594 823 2617 annum
859 2596 875 2617 a
912 2585 962 2618 die
994 2585 1101 2629 publi-

964 199 1142 223 BL'LLARIUM
1167 199 1317 224 ROMANUM

1156 246 1291 279 cationis
1330 248 1601 291 computandum,
1638 249 1803 292 quaelibet
1837 249 1894 283 do-

1155 309 1225 331 mus
1249 299 1378 332 Ordinis
1402 311 1518 333 novam
1547 301 1639 333 istam
1664 302 1892 336 collectionem

1155 362 1255 394 penes
1281 363 1314 385 se
1340 352 1475 393 habeat,
1502 354 1703 387 declarantes
1736 354 1892 399 quidquid

1155 405 1214 436 ista
1251 407 1331 438 nova
1366 406 1559 439 collectione
1585 406 1655 449 (sic
1690 407 1775 439 enim
1805 409 1894 441 volu-

1155 467 1224 489 mus
1250 468 1319 490 eam
1346 458 1524 501 appellari)
1550 469 1614 492 non
1633 459 1824 500 continetur,
1844 471 1894 494 ca-

1155 520 1226 542 rere
1260 510 1348 542 omni
1379 510 1407 542 vi
1434 515 1465 542 et
1495 511 1705 553 obligatione.
1735 511 1891 546 Nolumus

1155 568 1260 595 tamen
1286 569 1461 606 propterea
1486 565 1598 607 priora
1615 570 1733 598 statuta
1750 566 1891 607 aboleri;

1154 616 1209 648 sed
1236 616 1344 658 vigere
1371 616 1501 659 quidem
1528 622 1559 650 et
1583 618 1759 660 diligenter
1789 629 1893 652 asser-

1154 669 1217 702 vari
1250 675 1384 713 propter
1404 675 1532 713 patrum
1557 672 1790 711 reverentiam,
1825 682 1891 705 non

1154 727 1258 754 autem
1285 723 1406 755 habere
1430 723 1491 755 vim
1517 724 1625 756 statuti
1651 723 1683 756 in
1708 729 1889 768 posterum,

1153 786 1224 807 cum
1250 786 1287 808 ex
1313 776 1376 809 illis
1402 776 1454 808 liic
1479 776 1598 809 inserta
1627 777 1692 809 sint
1716 777 1823 810 omnia
1849 777 1888 811 ad

1153 839 1233 871 quae
1268 830 1414 862 volumus
1450 834 1576 862 nostros
1605 829 1743 873 obligari
1769 831 1826 872 (α).
1852 830 1891 863 Et

1152 881 1304 924 quoniam
1331 882 1513 925 praesentia
1539 882 1617 915 haec
1643 888 1771 923 statuta,
1790 883 1816 916 si
1842 883 1891 916 di-

1151 935 1291 977 ligenter
1315 935 1538 975 observentur,
1564 935 1604 967 ad
1628 936 1888 970 conservandum

1150 987 1280 1020 Ordinis
1297 993 1413 1020 statum
1435 987 1583 1021 sufficere
1600 988 1751 1020 videntur
1765 1015 1772 1029 ,
1796 999 1891 1032 prae-

1150 1042 1260 1073 sertim
1297 1052 1369 1073 cum
1407 1051 1495 1081 raro,
1528 1040 1657 1084 rarique
1693 1051 1785 1074 casus
1821 1042 1888 1085 (de

1150 1094 1266 1136 quibus
1303 1098 1479 1137 propterca
1510 1103 1575 1126 non
1610 1094 1707 1127 debet
1739 1094 1808 1127 fieri
1837 1095 1888 1128 lex

1148 1152 1203 1179 aut
1228 1147 1389 1179 ordinatio
1415 1147 1584 1190 specialis)
1621 1147 1707 1180 inter
1730 1157 1789 1180 nos
1814 1158 1888 1181 eve-

1148 1201 1249 1240 niant,
1269 1201 1321 1243 qui
1348 1211 1406 1244 per
1431 1211 1468 1233 ea
1493 1201 1598 1233 decidi
1625 1206 1656 1234 et
1675 1201 1886 1235 determinari

1149 1265 1212 1287 non
1230 1255 1357 1297 possint
1374 1265 1380 1286 z
1408 1254 1580 1290 hortamur
1604 1265 1812 1289 successores
1829 1266 1887 1289 no-

1147 1313 1230 1340 stros
1254 1314 1289 1340 ut
1312 1308 1352 1340 ab
1378 1310 1518 1340 onerosa
1544 1314 1575 1340 et
1606 1309 1792 1351 periculosa
1825 1314 1886 1342 sta-

1147 1367 1289 1394 tutorum
1327 1366 1358 1393 et
1393 1360 1631 1393 ordinationum
1665 1361 1789 1395 utiliori
1818 1372 1884 1395 non

1145 1414 1329 1447 necessaria
1365 1414 1637 1456 multiplicatione
1670 1421 1809 1448 cessent.
1846 1415 1885 1448 Et

1144 1478 1254 1500 omnes
1279 1472 1409 1500 nostrae
1430 1467 1601 1510 religionis
1621 1467 1827 1511 professores
1853 1473 1885 1502 et

1145 1522 1289 1553 alumnos
1314 1521 1522 1554 obsecramus
1544 1531 1603 1564 per
1626 1520 1883 1555 misericordiam

1144 1580 1172 1606 et
1198 1574 1374 1606 bonitatem
1407 1573 1463 1606 Dei
1500 1573 1575 1616 <qui
1610 1579 1672 1606 tam
1704 1575 1883 1608 clementer

1143 1626 1387 1660 Cartltusianum
1407 1632 1531 1660 coetum
1550 1633 1581 1660 et
1599 1627 1749 1660 familiam
1764 1639 1781 1661 a
1795 1628 1884 1671 prin·

1144 1680 1228 1723 cipio
1254 1680 1291 1712 ad
1318 1679 1513 1713 hodiernum
1538 1690 1639 1723 usque
1658 1680 1743 1713 diem
1762 1681 1880 1722 fovere,

1144 1733 1284 1775 dirigere
1301 1744 1335 1765 ac
1349 1739 1520 1776 protegere
1535 1733 1683 1776 dignatus
1699 1740 1757 1775 est,
1774 1734 1884 1774 omnia

1144 1786 1237 1819 nobis
1261 1786 1388 1818 abunde
1414 1786 1633 1829 suppeditans,
1655 1797 1736 1830 quae
1762 1787 1801 1820 ad
1826 1797 1883 1831 no-

1143 1845 1241 1872 stram
1267 1839 1403 1871 salutem
1433 1839 1735 1883 perfectionemque
1760 1841 1881 1873 eondu-

1143 1893 1252 1935 eunt),
1288 1897 1323 1923 ut
1349 1890 1466 1933 singuli
1500 1892 1532 1923 in
1565 1894 1621 1924 sua
1652 1892 1823 1926 vocatione
1850 1898 1882 1927 et

1143 1945 1248 1978 officio
1266 1943 1474 1977 conaremur¹
1494 1955 1553 1987 per
1574 1944 1804 1987 gratitudinem
1822 1956 1881 1979 no-

1142 1998 1191 2031 bis
1217 1998 1406 2041 possibilem
1433 2003 1495 2029 tam
1525 2004 1660 2041 paterne
1694 1998 1880 2033 liberalitati

1143 2056 1174 2083 et
1198 2050 1441 2083 benevolentiae
1466 2050 1591 2083 Domini
1616 2051 1672 2084 Dei
1701 2053 1805 2085 nostri
1829 2063 1880 2087 re-

1142 2105 1317 2147 spondere.
1338 2103 1426 2142 Quod
1452 2105 1697 2147 praestabimus,
1716 2105 1743 2138 si
1768 2106 1807 2140 ad
1830 2116 1880 2140 re-

1142 2159 1284 2199 gularem
1306 2157 1553 2198 observantiam,
1579 2168 1637 2201 per
1657 2158 1737 2192 haec
1761 2164 1879 2193 statuta

1141 2210 1234 2243 nobis
1260 2211 1422 2251 traditam,
1448 2210 1494 2243 sic
1520 2210 1662 2244 fideliter
1685 2217 1717 2245 et
1740 2213 1878 2247 sollicite

1141 2264 1334 2305 laboremus,
1360 2270 1404 2304 ut,
1432 2270 1546 2298 nostro
1579 2265 1711 2299 homine
1744 2272 1877 2300 externo

1142 2317 1192 2349 his
1216 2317 1370 2350 institutis
1406 2322 1496 2350 recte
1529 2323 1560 2351 et
1591 2318 1674 2351 sicut
1704 2319 1799 2353 decet.
1828 2319 1878 2353 in-

1142 2376 1265 2403 structo
1291 2376 1322 2403 et
1347 2371 1484 2411 exculto,
1505 2371 1612 2414 ipsum
1637 2371 1738 2404 Deum
1762 2371 1794 2404 in
1819 2371 1878 2406 ho-

1142 2424 1228 2457 mine
1265 2424 1411 2457 interiori
1448 2424 1623 2458 studiosius
1658 2435 1877 2468 quaeramus,

1177 2504 1206 2537 a)
1227 2503 1290 2530 Vide
1315 2503 1515 2530 ordinationem
1541 2503 1649 2538 capituli
1662 2503 1796 2539 generalis
1815 2499 1878 2532 anni

1142 2554 1275 2574 unccxxtx
1288 2548 1313 2574 in
1328 2548 1381 2575 fine
1397 2547 1475 2575 liuius
1490 2547 1592 2583 prologi
1606 2547 1651 2574 Ad
1666 2548 1814 2584 tollendas,
1824 2551 1876 2578 ete.

1181 2594 1191 2620 1
1210 2593 1311 2620 Forsan
1326 2592 1469 2629 legendum
1484 2600 1621 2621 conemur
1643 2592 1683 2629 (n.
1705 2593 1754 2629 π).

1901 201 1950 228 An.
1967 200 1996 229 C.
2017 203 2083 232 ¹688
