2111 3157
407 189 472 222 972
955 193 1134 217 nutantum
1167 192 1319 216 nummum

362 252 509 286 Decimae
533 255 596 283 tres
621 250 762 291 integrae
786 256 883 290 super
913 246 1068 280 fructibus
1092 250 1123 279 et
1152 244 1360 289 pensionibus
1395 244 1618 277 ecclesiasticis
1649 245 1744 278 totius
1769 247 1846 279 cleri
1878 247 1910 279 in

452 304 600 337 universa
618 301 705 334 ltalia
723 300 763 333 ob
780 299 950 332 imminens
967 298 1085 331 bellum
1103 299 1259 332 turcicum
1279 297 1425 337 indictae,
1450 297 1514 331 509
1539 308 1576 338 α;
1602 297 1798 331 decimarum
1819 310 1912 343 prae-

452 357 609 390 dictarum
637 353 787 387 solutioni
818 351 945 385 termini
973 351 1172 395 praescripti,
1196 350 1260 384 510
1284 350 1317 391 b3
1342 350 1381 384 de
1405 350 1602 384 decimarum
1627 351 1911 386 subcollectoribus

452 416 483 443 et
507 408 702 452 depositario
727 406 882 450 quaedam
907 408 1108 445 statuuntur,
1139 404 1199 438 511
1229 404 1262 444 b;
1289 404 1428 437 decimas
1451 413 1514 437 non
1546 404 1741 438 solventibus
1766 410 1797 438 et
1827 405 1912 439 frau-

451 462 598 496 dantibus
614 470 735 505 poenae
752 459 946 498 indicuntur,
974 458 1067 498 ibam
1091 457 1218 491 easdem
1243 458 1390 501 exigendi
1415 458 1528 491 modus
1553 458 1800 502 praescribitur,
1825 459 1913 499 ibid.;

453 516 483 548 in
509 515 640 548 decimis
665 513 836 557 praedictis
869 512 930 544 alia
961 511 1117 555 quaedam
1149 511 1304 544 servanda
1339 510 1529 544 mandantur
1563 511 1657 551 ibid.;
1694 514 1757 545 tres
1787 511 1912 544 easdem

451 568 528 601 olim
554 567 687 600 indictas
712 567 816 599 denuo
841 564 979 598 extendit
1004 564 1156 606 Pontifex,
1181 564 1246 597 0026
1271 564 1297 597 b.

364 623 495 655 Decreta
519 620 671 654 nonnulla
695 618 884 652 thesaurarii
916 628 975 661 pro
1007 618 1091 651 bono
1115 618 1260 651 locorum
1292 617 1444 651 Montium
1468 617 1630 660 {regimine
1663 617 1914 657 confirmantur,

453 674 518 708 945
543 685 562 707 α
588 679 617 706 et
641 684 712 717 δαίμ
739 678 769 705 et
793 682 850 716 per
875 677 1037 704 extensum
1064 671 1262 712 referuntur,
1288 670 1352 704 948
1377 671 1394 703 b
1418 676 1448 703 et
1472 681 1534 714 seq.

364 730 496 763 Decreta
520 727 676 771 quaedam
701 725 963 768 Congregationis
998 734 1093 767 super
1118 724 1343 758 reformatione
1383 723 1590 757 tribunalium
1632 723 1724 757 Urbis
1762 729 1915 764 recenset,

453 781 518 815 932
543 782 559 814 b
584 786 615 814 et
639 791 721 824 δαίμ·
746 779 988 818 confirmantur,
1016 777 1081 810 943
1105 778 1132 809 b.

366 838 532 870 Decretum
557 833 818 877 Congregationis
842 832 982 873 Concilii,
1001 841 1064 875 quo
1082 830 1263 864 decernitur
1288 830 1449 874 pertinere
1473 830 1512 863 ad
1535 829 1682 863 abbatem
1708 830 1916 863 commenda-

455 889 571 923 tarium
596 888 862 921 monasteriorum
888 886 917 920 S.
942 885 1138 918 Seholaticae
1162 889 1192 917 et
1215 884 1245 918 S.
1277 884 1398 926 Specus
1430 883 1630 917 Sublacensis
1651 882 1830 927 approbare
1855 893 1919 917 mo-

454 942 573 976 nachos
597 951 655 985 pro
679 939 843 973 audiendis
867 937 1118 972 confessionibus
1142 936 1371 977 saecularium,
1396 941 1480 969 extat
1512 936 1554 969 17
1580 947 1622 976 a;
1659 936 1919 980 Congregationis

456 996 597 1029 eiusdem
623 1004 719 1037 super
744 993 902 1026 delatione
928 992 1116 1025 cadaverum
1149 991 1188 1023 ad
1213 989 1362 1023 ecclesias
1397 988 1604 1032 regularium,
1625 990 1732 1032 legere
1756 995 1803 1023 est
1825 989 1868 1023 23
1885 990 1920 1029 b;

456 1047 716 1092 Congregationis
756 1047 925 1090 praefatae,
964 1056 1028 1088 quo
1068 1044 1190 1078 censuit
1225 1049 1327 1076 taxam
1367 1042 1623 1076 Innocentianam
1669 1043 1749 1087 typis
1785 1043 1920 1076 dandam

455 1113 542 1144 esse,
568 1107 651 1135 extat
675 1100 740 1134 405
764 1101 781 1133 b
806 1106 836 1132 et
860 1111 933 1143 seqs,
960 1099 1088 1132 decreta
1112 1099 1176 1131 duo
1199 1095 1463 1140 congregationis
1488 1096 1690 1139 praedictae,
1719 1096 1922 1130 decernentia

458 1155 673 1200 professiones
709 1154 957 1197 Brigittanorum
990 1152 1243 1185 Novissimorum
1274 1160 1342 1183 esse
1375 1150 1492 1183 validas
1522 1160 1641 1193 eosque
1671 1150 1923 1184 denominandos

458 1209 667 1252 Brigittanos‚
693 1208 893 1247 referuntur,
918 1206 983 1239 500
1007 1217 1048 1247 [03
1075 1206 1239 1239 decretum
1264 1204 1405 1238 eiusdem
1432 1204 1704 1247 Congregadonis,
1724 1214 1788 1248 quo
1812 1204 1919 1237 iniun-

459 1263 545 1306 gitur
570 1261 744 1295 Ordinariis
769 1260 860 1303 regni
886 1259 1019 1292 Peruani
1045 1259 1243 1293 conservatio
1266 1258 1384 1292 decreti
1405 1258 1536 1292 Concilii
1560 1257 1735 1291 Tridentini
1759 1258 1798 1291 de
1822 1267 1921 1301 regu-

459 1315 580 1349 laribus
606 1313 850 1347 reclamantibus
881 1312 1032 1345 adversus
1057 1323 1169 1346 eorum
1201 1312 1432 1356 professionem
1466 1312 1574 1355 elapso
1603 1311 1843 1355 quinquennio,
1867 1321 1921 1345 re-

464 1369 524 1402 fert
546 1373 577 1401 et
601 1367 787 1408 confirmat,
814 1366 878 1399 5⁶22
903 1376 924 1399 a
949 1371 979 1399 et
1002 1377 1064 1409 seq.

372 1424 539 1457 Decretum
565 1421 826 1464 Congregationis
858 1420 1082 1464 episcoporum
1101 1424 1131 1451 et
1156 1418 1364 1461 regularium,
1380 1428 1443 1462 quo
1462 1418 1575 1452 fratres
1595 1418 1833 1462 Redemptionis
1853 1418 1927 1462 Cap-

461 1477 597 1508 tivorum
624 1485 641 1507 a
666 1474 765 1516 gradu
791 1473 1064 1516 supernumerarii
1090 1472 1232 1514 magistri
1257 1472 1317 1509 nisi
1341 1472 1471 1515 praevio
1496 1472 1642 1505 examine
1666 1477 1824 1513 areentur,
1845 1471 1867 1504 4
1889 1483 1927 1518 a3

461 1527 722 1570 Congregationis
747 1526 898 1567 eiusdem,
924 1537 987 1569 quo
1011 1525 1203 1568 permissum
1231 1525 1289 1558 fuit
1313 1525 1534 1568 superioribus
1565 1524 1823 1559 Praedicatorum
1850 1525 1928 1558 Por-

463 1580 610 1623 tugalliae
636 1579 818 1622 provinciae
843 1588 1009 1611 removere
1033 1590 1069 1611 ex
1096 1578 1305 1612 conventibus
1330 1578 1498 1621 religiosos
1522 1578 1840 1613 conventualitatibus
1865 1579 1930 1611 suf-

461 1634 574 1673 fultos,
611 1632 651 1664 70
684 1643 724 1672 α;
749 1632 1010 1674 Congregationis
1046 1633 1246 1675 praedictae,
1272 1642 1335 1675 quo
1366 1632 1547 1665 declaratur
1580 1633 1694 1666 fratres
1719 1632 1929 1666 Discalceatos

462 1688 491 1721 S.
524 1686 690 1728 Augustini
723 1695 786 1718 non
818 1686 936 1719 habere
969 1687 1017 1719 ius
1050 1685 1246 1728 aggregandi
1271 1685 1309 1718 ad
1335 1685 1628 1720 confraternitatem
1657 1685 1930 1726 Cincturatorum,

465 1749 560 1783 posse
585 1745 690 1771 tamen
715 1739 839 1781 erigere
864 1740 1137 1773 confraternitates
1161 1739 1425 1782 Corrigiatorum,
1449 1740 1547 1773 refert
1571 1744 1602 1772 et
1625 1739 1805 1780 confirmat,
1828 1739 1893 1773 189
1910 1750 1931 1773 α

465 1798 495 1827 et
520 1792 584 1826 258
609 1792 639 1831 ἐκ
667 1792 807 1825 eiusdem
833 1792 1117 1835 Congregationis,
1149 1793 1332 1836 approbans
1356 1792 1574 1827 alternativam
1603 1792 1684 1825 inter
1717 1792 1873 1836 Hispanos
1902 1798 1933 1826 et

464 1847 597 1881 Criollos
622 1845 747 1879 Ordinis
766 1846 921 1879 minorum
942 1845 981 1879 de
1005 1846 1210 1879 Observantia
1240 1847 1271 1879 in
1296 1847 1393 1880 Indiis
1417 1846 1681 1889 Occidentalibus‚
1707 1851 1790 1879 extat
1814 1845 1932 1880 confir-

466 1906 597 1941 matum,
629 1899 692 1932 517
715 1910 735 1931 α
760 1904 790 1932 et
813 1909 889 1942 sem,
914 1899 1073 1942 praefatae
1096 1899 1369 1942 Congregationis‚
1390 1910 1453 1944 quo
1478 1900 1658 1934 declaratur
1683 1900 1817 1934 clericos
1842 1910 1933 1943 regu-

465 1954 548 1986 lares
567 1952 755 1986 Seholarum
788 1951 915 1984 l'iarum
946 1952 1086 1995 gaudere
1115 1952 1315 1996 exemptione
1340 1964 1358 1986 a
1385 1953 1605 1987 iurisdictione
1629 1953 1872 1987 Ordinariorum
1903 1958 1933 1987 et

467 2006 614 2040 omnibus
638 2005 881 2038 Mendicantium
899 2005 1086 2048 privilegiis,
1113 2006 1210 2038 refert
1233 2012 1264 2039 et
1287 2006 1466 2047 confirmat,
1482 2006 1546 2040 5026
1567 2017 1588 2040 α
1614 2010 1644 2040 et
1660 2017 1731 2050 seq.;
1751 2006 1837 2039 aliud
1854 2006 1934 2039 eius-

466 2060 549 2100 dem,
567 2069 662 2102 super
687 2059 840 2092 electione
865 2059 1111 2102 praecipuorum
1136 2059 1319 2093 officialium
1344 2070 1405 2104 pro
1430 2059 1583 2093 fratribus
1604 2059 1782 2093 recollectis
1807 2059 1933 2093 Ordinis

468 2113 624 2146 Minorum
650 2113 681 2145 in
707 2112 868 2156 Hispania,
893 2116 977 2146 extat
1000 2112 1235 2153 confirmatum,
1260 2112 1325 2146 630
1341 2124 1361 2146 α
1378 2117 1409 2146 et
1434 2113 1467 2152 b;
1493 2112 1636 2155 eiusdem
1660 2111 1934 2155 Congregationis,

468 2177 530 2209 quo
562 2166 781 2210 superioribus
805 2166 834 2200 S.
858 2166 1018 2199 Francisci
1043 2166 1081 2199 de
1105 2166 1312 2200 Observantia
1343 2167 1520 2201 iniunctum
1546 2166 1619 2209 fuit,
1644 2176 1684 2199 ne
1713 2166 1936 2210 permitterent

469 2220 646 2252 saeculares
671 2219 793 2262 ingredi
825 2225 911 2263 septa
943 2219 1088 2253 coenobii
1118 2230 1190 2253 eum
1221 2221 1338 2264 sclopis
1362 2226 1416 2254 aut
1445 2220 1565 2261 armis,
1591 2220 1639 2253 vel
1671 2219 1717 2252 ibi
1747 2219 1858 2253 ludere
1882 2225 1936 2252 aut

471 2272 589 2305 morari
606 2272 689 2304 ultra
714 2277 776 2304 tres
793 2271 871 2311 dies,
896 2278 980 2304 extat
1004 2272 1240 2314 confirmatum,
1265 2273 1329 2307 <5533
1349 2284 1370 2306 a
1390 2279 1420 2306 et
1440 2274 1474 2314 b;
1498 2273 1661 2307 decretum
1686 2272 1771 2306 aliud
1791 2272 1934 2306 eiusdem

470 2325 554 2358 circa
578 2324 746 2358 electiones
778 2325 928 2358 abbatum
953 2326 1214 2368 Congrcgationis
1240 2326 1408 2360 Bavaricae
1430 2326 1557 2360 Ordinis
1588 2327 1618 2360 S.
1644 2325 1825 2366 Benedicti,
1852 2330 1936 2358 extat

472 2379 704 2418 confirmatum,
722 2378 786 2411 [563
803 2390 823 2412 α
840 2384 869 2411 et
884 2390 962 2422 seq.;
986 2380 1248 2422 Congregationis
1268 2380 1409 2413 eiusdem
1433 2390 1492 2424 pro
1517 2379 1715 2423 exemptione
1731 2378 1934 2423 syndicorum

472 2432 596 2465 Ordinis
621 2432 650 2465 S.
670 2432 827 2465 Francisci
849 2432 887 2465 de
903 2432 1112 2465 Observantia
1131 2443 1149 2464 a
1169 2432 1238 2465 foro
1262 2432 1427 2472 saeculari,
1453 2437 1536 2465 extat
1561 2432 1793 2471 confirmatum,
1811 2429 1875 2463 687
1900 2441 1935 2470 α;

472 2485 651 2528 praedictae
675 2485 953 2528 CongregationiS,
978 2496 1042 2529 quo
1067 2485 1200 2519 ecclesia
1223 2485 1389 2528 collegiata
1415 2485 1445 2519 S.
1471 2485 1619 2519 Germani
1644 2484 1811 2518 subiicitur
1835 2483 1936 2517 ecele-

475 2538 538 2571 siae
563 2538 711 2571 abbatiali
738 2540 849 2572 Montis
874 2539 1003 2579 Cassini,
1029 2539 1125 2572 refert
1142 2544 1173 2572 et
1189 2538 1366 2580 confirmat,
1386 2537 1451 2571 728
1471 2538 1488 2571 I)
1512 2544 1543 2571 et
1565 2548 1644 2582 seq.;
1669 2537 1833 2572 decretum
1857 2536 1935 2571 Con-

475 2591 669 2633 gregationis
693 2592 851 2634 praefatae
875 2592 1039 2625 declarans
1063 2591 1285 2635 superioribus
1316 2592 1471 2625 localibus
1503 2592 1636 2625 fratrum
1668 2591 1934 2625 Discalceatorum
