2111 3157
399 191 409 222 1
416 189 480 222 002

440 252 534 285 tionis
559 250 752 285 tlassinensis
777 249 901 282 Ordinis
927 248 1025 281 sancti
1043 248 1099 280 Be—

440 303 555 337 nedicti
580 307 649 336 ante
674 301 844 334 triennium
870 311 933 334 non
959 300 1098 333 eelebre-

441 364 503 397 tur,
529 355 602 388 261».

358 411 444 445 XCII.
469 408 653 441 Extenditur
678 407 838 440 decretum
864 406 980 450 prioris
1005 416 1100 449 gene-

443 463 516 495 ralis
542 460 666 494 Ordinis
685 460 895 492 Eremitarum
923 460 1021 492 saneti
1042 460 1101 492 Au-

442 514 559 557 gustini
584 513 622 546 de
648 513 891 556 consanguineis
909 519 938 545 et
955 512 1100 545 affinibus

442 567 600 610 religiosis
625 567 663 599 ad
688 566 897 599 Disealceatos
922 566 1101 609 Congrega-

443 621 535 654 tionis
549 620 717 663 Hispaniae
735 625 765 652 et
781 619 942 652 Indiarum
960 618 1100 652 eiusdem

444 674 578 713 Ordinis,
605 673 680 706 ⁰267.

359 728 457 762 XCIII.
491 727 704 760 Confirmatur
736 726 898 759 decretum
935 725 1101 758 cardinalis

443 780 657 824 protectoris,
693 790 756 823 quo
789 780 983 812 declaratum
1020 779 1101 819 suit,

443 845 506 868 non
532 834 627 867 licere
648 833 866 877 superioribus
886 833 1012 866 Ordinis
1032 833 1104 865 Bea-

445 892 493 921 tae
520 887 633 920 Mariae
658 887 697 920 de
722 887 865 920 Mercede
888 886 1035 929 delegare
1053 896 1103 918 au-

447 940 624 973 ctoritatem
660 940 841 973 conserendi
867 939 1007 972 habiturn
1033 939 1104 972 Ter-

444 994 611 1027 tiariorum
636 993 802 1036 utriusque
820 1003 922 1034 sexus,
949 1002 1041 1036 posse
1063 998 1104 1024 ta-

447 1057 518 1081 men
547 1057 600 1080 eos
623 1047 738 1080 horum
769 1056 878 1079 euram
905 1045 1008 1089 probo
1028 1046 1103 1078 reli-

447 1101 535 1144 gioso
560 1101 771 1141 committere,
791 1098 867 1132 0268.

362 1155 456 1188 xtttt'.
482 1154 715 1187 Confirmantur
739 1152 892 1196 quaedam
915 1152 1040 1186 decreta
1057 1162 1105 1185 ea-

445 1207 616 1250 pItulorum
638 1207 771 1239 fratrum
793 1206 821 1239 S.
848 1206 1007 1239 Francisci
1033 1206 1105 1238 Stri-

445 1260 552 1294 etioris
578 1260 801 1293 tssffiservantiae
831 1259 1014 1302 provinciae
1038 1270 1105 1292 san-

446 1315 485 1346 eti
508 1314 590 1347 Petri
608 1313 646 1346 de
677 1313 841 1346 Aleantara
867 1313 897 1345 in
915 1312 1064 1356 Hispania
1089 1324 1105 1346 a

445 1378 533 1401 sacra
557 1367 806 1410 Congregatione
830 1367 1014 1411 approbata,
1032 1377 1104 1400 nec-

447 1431 509 1454 non
534 1421 620 1454 aliud
646 1421 816 1454 cardinalis
839 1420 1029 1464 protectoris
1046 1431 1104 1463 pro

447 1484 558 1507 eorum
573 1474 777 1508 decretorum
796 1473 1015 1516 exequutione,
1029 1472 1103 1505 0270.

364 1528 443 1561 xet‘.
470 1527 656 1567 Mandatus,
682 1533 715 1559 ut
739 1527 770 1558 in
795 1532 861 1559 toto
886 1526 973 1560 Statu
997 1527 1104 1560 Eccle-

447 1580 572 1613 siastico
597 1585 762 1613 serventur
786 1585 900 1612 statuta
925 1580 1101 1613 successio-

448 1643 502 1666 nes
527 1633 565 1666 ab
590 1633 736 1667 intestato
753 1633 873 1676 agnatis
891 1634 1039 1666 masculis
1056 1633 1106 1666 de-

448 1687 588 1727 serentia,
614 1686 689 1719 272.

362 1741 457 1774 xett
483 1740 715 1774 Contirmantur
736 1744 798 1774 tam
819 1740 1047 1774 declarationes
1067 1740 1104 1772 ad

450 1795 590 1837 regulam
616 1804 711 1838 quam
736 1794 976 1827 constitutiones
998 1804 1104 1827 mona-

449 1848 582 1881 chorum
620 1848 879 1890 Congregationis
913 1847 1105 1880 Cassinensis

448 1901 572 1934 Ordinis
598 1902 696 1934 saneti
722 1900 891 1942 Benedicti,
917 1900 990 1934 275.

365 1955 473 1988 xct‘tt.
499 1954 694 1987 Permittitur
712 1959 746 1986 ut
762 1954 889 1986 abbates
910 1959 940 1986 et
957 1954 1106 1987 officiales

449 2018 558 2042 omnes
571 2007 831 2050 Congregationis
845 2008 1034 2041 Cassinensis
1048 2019 1106 2051 pro

451 2062 508 2094 liae
533 2061 600 2093 viee
624 2067 756 2101 tantum,
776 2061 816 2094 ob
837 2061 1037 2093 immutatum
1057 2071 1106 2094 ea-

449 2114 538 2158 pituli
552 2119 582 2147 ct
595 2114 697 2147 dietae
711 2120 843 2157 tempus,
860 2124 922 2147 non
939 2124 1106 2147 amovean-

451 2173 501 2200 tur
526 2168 628 2200 statim
655 2171 725 2210 post
748 2167 907 2210 expletum
928 2168 1105 2200 officiorum

450 2221 662 2259 curriculum;
688 2225 718 2254 et
742 2220 846 2253 abbati
865 2221 893 2253 S.
913 2221 997 2253 Pauli
1019 2226 1107 2253 extra

452 2274 567 2306 Urbem
589 2274 797 2306 committitur
814 2273 996 2316 procuratio
1013 2284 1107 2316 gene-

452 2327 536 2366 ralis,
565 2327 589 2359 si
616 2327 805 2370 quandoque
831 2327 912 2359 intra
937 2326 1106 2359 triennium

452 2386 585 2419 vacaret,
610 2380 684 2413 384.

367 2433 489 2467 th'tlt.
515 2434 748 2467 Confirmantur
773 2434 925 2477 quaedam
951 2434 1105 2467 constitu-

453 2486 552 2519 tiones
585 2488 813 2520 monachorum
850 2488 1108 2530 Congregationis

456 2540 677 2583 Hispaniarum
707 2540 830 2573 Ordinis
858 2540 954 2574 saneti
981 2541 1109 2574 Benedi-

456 2593 506 2634 cti,
533 2593 606 2625 5380.

1131 1259 1132 1268 ¹
1156 1260 1227 1293 CIII.

945 197 1041 220 BULLA
1048 197 1123 220 RIUM
1149 197 1301 221 ROMAM'M

1150 248 1248 281 XCIX.
1276 249 1461 282 Extenditur
1486 249 1641 282 indultum
1667 251 1834 285 Clementis
1854 254 1893 294 X,

1239 302 1417 335 celebrandi
1442 302 1556 335 festum
1574 303 1619 336 Ss.
1639 304 1762 337 loannis
1780 305 1818 338 de
1838 306 1896 339 Ma-

1240 355 1293 387 tba
1318 360 1348 387 et
1372 355 1485 388 Felicis
1510 355 1549 388 de
1569 356 1673 389 Valois
1702 357 1733 389 in
1754 363 1818 391 tota
1842 359 1895 392 Hi-

1241 407 1359 450 spania,
1380 408 1419 452 ad
1445 418 1572 441 omnem
1598 408 1740 451 Galliam,
1765 410 1838 444 390.

1150 460 1179 494 C.
1208 460 1393 494 Extenditur
1418 460 1531 494 festum
1557 467 1683 495 sanotae
1708 463 1807 497 Rosae
1838 464 1892 497 Li-

1240 523 1349 546 manae
1373 514 1413 546 ad
1437 524 1534 557 regna
1555 520 1585 547 et
1604 515 1742 549 dominia
1759 526 1895 550 coronae

1241 567 1431 607 Lusitaniae,
1455 566 1530 600 392.

1151 619 1197 653 CI.
1236 620 1423 654 Conceditur
1459 621 1575 654 rectori
1606 622 1731 665 collegii
1763 623 1895 656 fratrum

1241 674 1498 707 Praedicatorum
1519 675 1550 706 in
1574 675 1713 713 Quitensi
1735 675 1897 719 provincia

1241 727 1371 759 facultas
1404 727 1585 760 conserendi
1622 727 1749 771 publice
1781 729 1898 771 gradus

1241 779 1446 813 scholasticos
1472 780 1502 812 in
1527 781 1688 813 nonnullis
1712 781 1897 825 disciplinis,

1241 833 1341 866 donec
1361 833 1478 866 ibidem
1497 834 1635 876 erigatur
1652 835 1839 869 universitas
1853 846 1899 868 re-

1243 887 1303 929 gia,
1327 885 1401 919 393.

1154 940 1212 974 CII.
1238 940 1451 973 Confirmatur
1465 939 1626 972 decretum
1642 941 1809 974 cardinalis
1829 951 1901 984 pro-

1243 992 1393 1033 tectoris,
1428 1002 1491 1035 quo
1527 992 1622 1024 etiam
1658 993 1900 1027 ultramontanis

1244 1045 1434 1078 monialibus
1453 1045 1612 1078 conversis
1633 1045 1663 1078 S.
1685 1046 1844 1079 Francisci
1861 1046 1901 1080 de

1245 1098 1450 1132 Observantia
1479 1098 1679 1132 interdicitur
1714 1099 1817 1132 velum
1846 1099 1898 1133 ni-

1245 1162 1348 1194 grum,
1367 1156 1396 1185 et
1412 1162 1632 1195 quaecumque
1650 1163 1708 1185 vox
1725 1152 1756 1185 in
1779 1153 1902 1186 electio-

1245 1205 1337 1238 nibus
1358 1205 1542 1248 denegatur,
1568 1204 1642 1238 395.

1254 1259 1395 1302 Erigitur
1420 1258 1581 1291 academia
1605 1259 1633 1291 S.
1651 1259 1790 1292 Thomae
1811 1259 1902 1293 Ordi-

1244 1312 1293 1345 nis
1319 1311 1575 1345 Praedieatorum
1608 1311 1741 1345 civitatis
1771 1312 1902 1345 Monilae

1246 1366 1277 1398 in
1310 1365 1420 1398 insulis
1453 1365 1640 1408 Philippinis
1677 1365 1706 1397 in
1742 1365 1902 1408 publicam

1245 1419 1341 1452 studii
1367 1419 1523 1461 generalis
1547 1419 1801 1460 universitatem,
1826 1418 1900 1452 397.

1253 1473 1474 1506 Conceduntur
1488 1472 1649 1505 Tertiariis
1664 1473 1695 1505 B.
1714 1473 1750 1504 M.
1769 1472 1807 1506 de
1827 1473 1903 1506 Mer·

1247 1525 1322 1558 cede
1338 1524 1573 1568 Redemptionis
1590 1525 1801 1568 Captivorum,
1820 1525 1902 1558 intra

1247 1579 1384 1611 claustra
1401 1578 1588 1619 viventibus,
1609 1577 1821 1621 indulgentiae
1838 1579 1904 1622 qui-

1246 1632 1304 1664 bus
1329 1632 1466 1674 gaudent
1489 1632 1602 1664 fratres
1633 1631 1772 1665 eiusdem
1806 1631 1899 1665 Ordi-

1247 1685 1305 1727 nis,
1331 1684 1405 1717 400.

1157 1739 1213 1773 CV.
1238 1739 1422 1772 Declaratur
1446 1738 1616 1772 Tertiarios
1639 1739 1670 1772 B.
1696 1739 1734 1772 Μ.
1759 1739 1797 1772 de
1816 1740 1899 1773 Mer-

1246 1792 1322 1826 cede
1338 1792 1577 1836 Redemptionis
1597 1792 1796 1836 Captivorum
1817 1796 1904 1827 extra

1248 1847 1383 1880 claustra
1400 1848 1538 1879 viventes
1559 1846 1619 1879 srui
1637 1856 1729 1890 posse
1742 1846 1904 1889 indulgen-

1248 1900 1297 1932 tiis
1322 1899 1615 1933 confraternitatum
1648 1899 1788 1932 eiusdem
1817 1899 1904 1933 Ordi-

1247 1954 1306 1993 nis,
1330 1952 1404 1986 401.

1267 2006 1418 2040 Redditur
1455 2005 1693 2049 inquisitoribus
1729 2015 1902 2048 regnorum

1248 2060 1457 2102 PortugaIIIae
1484 2064 1513 2091 et
1538 2058 1761 2100 Algarbioruu‘i
1788 2063 1900 2092 aueto-

1246 2113 1331 2153 ritas,
1356 2123 1450 2156 quam
1476 2112 1648 2144 amiserant
1671 2121 1734 2144 non
1765 2112 1904 2155 parendo

1249 2166 1402 2199 mandatis
1430 2166 1633 2209 apostolicis,
1660 2170 1690 2198 et
1714 2165 1799 2207 leges
1823 2175 1903 2198 non-

1247 2220 1351 2252 nullae
1376 2218 1555 2252 conduntur
1573 2218 1603 2250 in
1622 2218 1723 2251 causis
1749 2218 1820 2251 fidei
1838 2228 1903 2251 ser-

1249 2272 1376 2313 vandae,
1401 2272 1475 2304 402.

1158 2326 1243 2360 CVII.
1269 2326 1489 2359 Conceduntur
1507 2325 1656 2358 fratribus
1678 2325 1792 2358 oblatis
1808 2325 1904 2357 Tertii

1248 2379 1373 2412 Ordinis
1405 2378 1502 2411 saneti
1536 2379 1693 2423 Francisci
1724 2378 1904 2422 provinciae

1249 2433 1399 2466 Franciae
1425 2438 1496 2476 post
1529 2432 1715 2465 decennium
1742 2442 1759 2464 a
1784 2432 1902 2474 profes-

1251 2487 1339 2519 sione
1371 2486 1439 2518 iura
1464 2485 1569 2518 omnia
1606 2485 1809 2528 antiquorum
1847 2484 1905 2516 fra-

1253 2545 1337 2572 trum
1359 2539 1523 2579 laicorum,
1548 2537 1622 2570 413.

1161 2593 1259 2627 CVIII.
1274 2592 1461 2626 Conceditur
1476 2591 1668 2634 indulgentia
1685 2590 1825 2634 plenaria
1838 2600 1905 2633 per-

1157 1473 1227 1507 CIV.

1159 2007 1228 2040 CVI.
