2111 3157
24 209 74 236 An.
95 205 123 233 C.
145 200 211 234 ¹680

55 732 96 753 lter
109 732 137 752 ad
152 732 200 752 ‹nii-

20 758 59 780 du
75 762 166 779 virtutes.

34 1097 154 1128 Exercenda
164 1102 202 1124 pa-

22 1126 102 1146 tientu.

212 254 312 296 gratia
337 265 525 298 comparare
547 260 579 288 et
603 255 633 288 in
650 260 802 298 promptu
822 256 941 288 habere

210 307 378 346 laborabit,
414 308 606 341 inflectendo
643 319 675 341 se
711 308 751 341 ad
787 319 824 340 ea
860 318 941 350 quae

210 364 284 391 sunt
307 360 465 392 contraria
489 361 627 403 peccatis
652 366 683 393 et
699 360 859 403 profectui
879 360 942 402 spi·

210 412 292 444 ritus
312 412 509 451 conducunt,
534 418 569 444 ut
593 412 618 445 si
644 413 716 456 quis
742 413 942 445 animadver-

211 464 285 496 terit
298 474 330 496 se
355 465 393 496 ad
409 465 605 506 superbiam,
624 470 678 496 aut
695 465 787 503 iram,
807 464 940 496 aliamve

211 515 393 557 passionem
418 527 488 548 esso
514 527 723 559 propensum,
745 516 771 548 is
797 520 942 548 exerceat

211 577 243 599 se
268 568 299 599 in
332 568 427 600 rebus
463 568 698 607 abiectioribus,
729 573 860 610 quaerat
894 578 939 606 ca,

211 619 328 661 quibus
352 619 538 662 patientiam
564 630 712 652 exercere
749 625 802 652 aut
826 619 880 651 alii
897 619 942 650 vi-

210 670 311 703 tiosae
332 672 540 713 propensioni
566 672 714 704 resistere
739 672 852 714 possit.

254 733 297 760 iv,
324 724 370 756 Ad
400 724 532 757 virtutes
563 724 684 757 solidas
717 723 860 756 hominis
892 723 940 755 sui

211 775 373 808 interioris
399 786 457 818 pro
488 777 608 809 viribus
640 777 823 816 enitantur;
851 785 942 818 prac-

212 827 304 869 cipue
330 838 402 860 vero
427 829 576 861 studeant
593 829 625 860 in
645 829 692 861 sui
710 828 809 871 ipsius
834 827 942 869 cogni·
961 833 963 835 '

213 880 310 919 tione,
333 883 469 923 veraque
489 881 700 924 abnegatione
719 886 750 914 et
767 881 943 914 christiana

213 932 427 975 simplicitate,
452 934 484 965 in
510 934 701 973 humilitate,
726 934 878 976 patientia
911 938 942 965 et

212 984 380 1023 charitate,
408 986 520 1018 timore
545 986 609 1025 Dei,
635 997 706 1018 eum
727 986 895 1029 prudentia
912 991 941 1018 et

213 1037 406 1070 discretione
431 1039 604 1081 plurimum
627 1040 794 1071 excellere.

256 1100 286 1122 v.
313 1090 448 1133 Propter
472 1101 613 1123 amorem
638 1091 755 1123 Christi
773 1091 942 1124 Salvatoris

212 1141 260 1174 sui
286 1142 424 1175 libenter
448 1144 566 1175 debent
591 1144 673 1176 serre.
703 1144 845 1184 iniurias,
870 1155 944 1187 per-

198 1194 400 1233 ·secutiones,
433 1196 644 1227 contumelias
670 1201 699 1228 et
726 1196 852 1238 quaevis
886 1206 944 1238 op-

67 1567 202 1592 Considerate

21 1596 132 1621 nuendum.

45 2300 76 2320 sii
86 2300 144 2321 cordi
155 2302 205 2322 tem-

24 2331 126 2353 perantia.

212 1247 349 1288 probria,
375 1246 437 1278 imo
462 1257 497 1279 ex
524 1247 631 1279 auimo
657 1247 804 1289 gaudere,
830 1248 855 1280 si
875 1258 945 1290 gra-

212 1298 252 1330 tis
277 1298 350 1331 odio
376 1299 525 1331 babuerit
559 1310 615 1332 eos
644 1300 782 1331 muudus
814 1306 845 1332 et
868 1311 944 1332 eon-

213 1351 392 1394 tempserit:
429 1362 509 1394 quae
554 1352 663 1384 omnia
705 1362 742 1384 eo
779 1353 942 1385 ardentius

212 1404 475 1446 complectentur,
502 1404 587 1446 quod
612 1403 715 1435 sciant
736 1404 847 1437 iisdem
873 1405 943 1437 insi-

213 1456 329 1498 gnibus
364 1455 531 1488 Dominum
562 1462 594 1488 et
626 1456 812 1498 magistrum
851 1468 944 1490 suum

213 1508 310 1541 fuisse
335 1508 555 1550 spectabilem.

256 1570 298 1593 vi.
326 1560 401 1593 Cum
425 1570 460 1591 ex
487 1562 557 1593 sola
580 1560 750 1593 voluntatis
776 1561 944 1595 affectione

790 201 1002 232 lNNOCENTlUS
1023 206 1054 233 Χῖ
1077 201 1126 232 ΡΡ.

1607 196 1671 232 ⁶243
1715 207 1768 234 An.
1789 206 1817 234 c.
1838 205 1903 234 1680

985 256 1164 289 humanitas
1199 257 1248 290 vel
1278 255 1451 289 christiana
1475 255 1612 289 charitas
1639 256 1713 289 sub-

982 308 1056 341 inde
1099 309 1183 341 aliud
1228 310 1403 352 prudenter
1431 309 1575 348 suaserit,
1601 320 1636 341 ex
1663 319 1713 340 su-

982 360 1117 402 perioris
1141 361 1273 394 arbitrio
1310 361 1406 393 stabit
1431 361 1508 404 quid
1535 361 1594 393 hac
1619 361 1650 393 in
1676 371 1711 393 re

983 422 1053 443 cum
1092 413 1314 445 aedificatione
1358 413 1609 456 permittendum
1649 412 1710 445 sit:

982 473 1076 496 nomo
1101 465 1236 507 proinde
1262 466 1350 498 bisce
1375 466 1454 498 citra
1479 466 1654 498 iussionem
1679 476 1711 497 se

981 515 1117 556 ingerat,
1149 522 1201 548 aut
1228 517 1361 559 proprio
1394 522 1479 550 motu
1512 518 1550 550 ad
1579 517 1712 560 aliquod

981 568 1159 600 convivium
1185 570 1340 602 accedere
1366 576 1557 612 praesumat.

1025 631 1093 652 vni.
1120 620 1251 658 Quando
1277 622 1480 662 itinerantur,
1507 623 1592 665 apud
1618 621 1711 654 huius
1743 633 1904 658 Apiidquosdi-

981 671 1061 703 vitae
1087 674 1272 706 sacerdotes
1304 674 1479 714 divertant·,
1513 675 1599 716 quod
1629 675 1655 706 si
1680 660 1844 706 iniiii'e‘r'ssff'u'u
1883 665 1904 679 ¹¹¹

961 734 1093 760 >corum
1129 725 1255 757 defectu
1292 726 1501 758 diversiorum
1534 727 1618 758 aliud
1658 737 1713 759 eos

983 787 1095 819 capere
1120 788 1251 810 necesse
1276 778 1381 818 suerit,
1408 789 1569 810 memores
1594 779 1714 811 sobrie-

985 829 1054 860 tatis
1078 835 1107 861 et
1134 830 1335 871 frugalitatis,
1369 830 1541 872 diligenter
1573 837 1713 869 caveant,

983 891 1042 919 ne,
1068 881 1131 913 cibi
1156 888 1188 914 et
1215 888 1310 924 potus
1334 882 1452 921 abusu,
1478 882 1601 914 animae
1627 883 1715 924 puri-

984 933 1037 965 tati
1064 939 1095 965 et
1119 934 1336 976 proximorum
1356 934 1571 967 aedificationi
1592 935 1714 977 aliquid

961 1004 965 1014 i
983 985 1135 1018 officiant.

1028 1048 1068 1070 ix.
1095 1037 1172 1075 Quia
1209 1039 1309 1072 otium
1344 1040 1492 1082 pulvinar
1531 1039 1649 1072 diaboli
1685 1045 1716 1072 et

983 1090 1129 1122 vitiorum
1148 1091 1252 1123 carnis
1281 1091 1483 1134 aliorumque
1501 1092 1715 1134 plurimorum

984 1143 1139 1174 malorum
1153 1149 1254 1175 mater
1267 1154 1337 1175 esse
1352 1144 1505 1183 noscitur,
1518 1144 1603 1176 omni
1619 1145 1715 1176 modo

985 1194 1045 1225 sibi
1070 1195 1285 1236 prospiciant,
1313 1201 1347 1226 ut
1371 1206 1517 1238 semper,
1543 1196 1637 1228 etiam
1663 1207 1716 1228 ex-

986 1251 1031 1277 tra
1068 1252 1200 1278 statutas
1237 1247 1482 1279 exercitationes
1517 1248 1714 1288 ordinarias,

985 1298 1121 1330 honesta
1156 1299 1261 1341 aliqua
1291 1299 1416 1331 actione
1452 1299 1515 1331 sint
1547 1301 1714 1343 occupati,

985 1352 1097 1393 quain¹
1122 1351 1239 1392 singuli
1266 1362 1323 1394 pro
1349 1351 1520 1393 capacitate
1550 1352 1599 1384 sui
1629 1353 1719 1394 inge-

985 1402 1029 1434 nii
1055 1408 1085 1435 et
1108 1403 1310 1445 superiorum
1336 1403 1509 1435 directione
1528 1405 1714 1446 suscipiant.

1028 1465 1058 1487 x.
1085 1455 1218 1487 Statutis
1243 1456 1406 1488 exercitiis
1433 1456 1607 1498 diligenter
1625 1466 1908 1513 suum‘lrfflffcriiucffilffg-

987 1513 1111 1550 tempus
1136 1508 1294 1546 tribuant,
1326 1508 1579 1541 uniformitatem
1606 1519 1818 1555 omnesaujaum
1858 1523 1909 1540 ιω.

986 1565 1124 1599 servent,
1143 1566 1173 1593 et
1193 1561 1383 1603 semetipsos
1409 1562 1531 1594 utiliter
1556 1562 1594 1594 de
1613 1562 1663 1594 die
1685 1552 1773 1594 inm*

1748 1077 1750 1079 .
1796 1050 1906 1073 vitandum

1724 1078 1795 1098 otium.

214 1613 433 1656 (quantumvis
459 1613 552 1646 etiam
573 1614 751 1655 spirituali)
776 1615 824 1646 vel
842 1615 944 1647 subita
965 1599 968 1635 i
986 1613 1070 1645 diem
1095 1613 1127 1645 in
1152 1613 1311 1645 sincerum
1329 1614 1491 1646 servitium
1510 1614 1635 1646 divinae
1655 1625 1719 1646 ma-

212 1667 288 1699 boni
314 1677 349 1698 ac
385 1666 447 1698 sive
479 1667 740 1708 apprehensione
777 1668 816 1699 ad
850 1678 946 1709 agen-

213 1720 288 1753 dum
323 1721 370 1752 vel
396 1720 608 1752 omittendum
641 1720 892 1762 praecipitanter
915 1727 946 1753 et

987 1666 1107 1698 iestatis
1136 1666 1351 1708 impendant:
1388 1667 1483 1706 liinc,
1517 1668 1719 1709 ‹piantumvis

987 1718 1066 1750 aridi
1091 1719 1154 1750 sint
1180 1724 1209 1750 et
1236 1719 1382 1758 desolati,
1405 1719 1531 1751 sortiter
1555 1720 1720 1752 nibilomi-

214 1783 276 1815 qua
308 1772 380 1804 data
414 1774 509 1814 porta
544 1782 635 1803 ruere
661 1771 795 1804 maxime
820 1735 1045 1815 semperinus
1081 1770 1194 1802 iisdem
1232 1770 1393 1809 insistant,
1433 1771 1588 1810 scientes,
1625 1771 1720 1804 etiam

213 1825 255 1857 sit
279 1824 508 1866 periculosum,
535 1824 607 1856 ideo
633 1823 763 1855 affectus
789 1835 875 1864 suos,
903 1831 947 1857 et·
965 1837 969 1870 ί
987 1824 1108 1866 absque
1133 1823 1294 1866 stipendio
1321 1824 1508 1856 caelestium
1526 1825 1721 1857 consolatio-

214 1877 276 1908 iam
316 1877 510 1919 spirituales,
537 1876 578 1908 ita
603 1876 795 1915 refraenent,
822 1882 856 1908 ut
890 1875 1072 1928 ne-}nu1n,
1098 1876 1254 1908 voluntati
1288 1876 1411 1909 divinae
1445 1877 1635 1919 obsequium
1673 1887 1722 1909 ra-

214 1938 276 1970 que
300 1928 333 1960 in
359 1929 494 1969 agendo,
516 1938 619 1970 neque
645 1928 675 1959 in
702 1929 866 1971 loquendo
884 1929 947 1961 siut
988 1928 1142 1961 tiouabile
1160 1933 1332 1971 praestare,
1348 1929 1481 1972 eiusque
1498 1929 1719 1972 providentiae

213 1979 464 2018 inconsiderati,
492 1986 544 2011 aut
568 1980 778 2022 praecipites,
805 1981 878 2021 sed,
913 1992 945 2013 re
987 1986 1016 2012 ct
1054 1981 1154 2019 nutui,
1195 1981 1337 2023 perfecta
1373 1982 1509 2024 quadiu]
1548 1982 1720 2014 voluntatis

213 2031 304 2074 prius
329 2031 360 2063 in
390 2032 492 2064 oculis
517 2032 571 2064 Dei
604 2033 761 2071 discussa,
787 2039 944 2076 pensent,
987 2044 1062 2065 suae
1089 2044 1159 2065 cum
1185 2033 1290 2065 divina
1323 2034 1574 2073 confirmatione,
1601 2035 1631 2066 in
1657 2044 1722 2066 om-

213 2096 294 2128 quae
320 2085 480 2124 honestas,
507 2086 637 2125 utilitas,
661 2086 831 2118 necessitas
850 2092 881 2119 et
897 2097 947 2119 ve·
987 2086 1080 2117 nibus
1105 2095 1175 2117 sese
1201 2085 1379 2125 subiicere,
1407 2097 1505 2128 quare
1535 2092 1722 2118 constanter

213 2138 289 2170 ritas
315 2139 411 2170 rebus
437 2138 568 2179 agendis
600 2139 647 2170 vel
668 2138 854 2171 omittendis
875 2140 947 2172 sub·
986 2143 1123 2180 pergant
1149 2143 1180 2170 et
1205 2138 1241 2170 ad
1269 2138 1475 2170 devotionem
1501 2138 1533 2170 in
1554 2138 1722 2181 quibusvis

214 2190 274 2229 sit,
312 2200 429 2232 quaeve
458 2190 626 2222 commoda
657 2195 709 2222 aut
744 2173 970 2235 incommodai

214 2254 250 2275 cx
277 2242 315 2275 iis
339 2243 404 2274 sint
423 2243 595 2274 nascitura.

257 2305 315 2327 vn.
343 2294 598 2337 'l'eruperantiam
630 2295 662 2327 in
694 2295 765 2328 cibo
802 2301 832 2328 et
867 2301 945 2339 potu

215 2347 253 2379 ad
279 2347 380 2379 maius
411 2347 465 2378 Dei
501 2346 694 2389 obsequium
720 2352 751 2379 et
776 2348 946 2389 perfectio-

214 2409 283 2431 rem
307 2399 411 2431 ‹zarnis
436 2399 694 2440 subiugationem
730 2400 823 2432 unice
855 2401 945 2433 cordi

216 2451 362 2488 habeant,
378 2456 408 2483 et
431 2456 538 2483 sancte
564 2461 690 2494 semper
714 2457 870 2484 conentur
894 2454 948 2485 ob-

216 2513 352 2536 servare.
386 2503 467 2535 llinc
503 2503 655 2543 convivia,
693 2509 847 2543 quantum
879 2504 945 2538 [ieri

217 2561 334 2601 potest,
359 2556 443 2589 domi
481 2557 621 2599 forisque
648 2556 784 2598 evitent;
820 2557 845 2590 si
871 2568 945 2591 vero

988 2190 1226 2222 difficultatibus
1251 2200 1285 2222 se
1310 2190 1428 2232 iugiter
1452 2191 1604 2223 excitent.

1030 2253 1071 2276 Μ.
1099 2243 1132 2275 In
1157 2243 1221 2275 suis
1242 2243 1462 2285 spiritualibus
1486 2244 1723 2276 exercitationi·
1754 2251 1914 2275 Remu-muta-

988 2296 1057 2335 bus,
1078 2296 1146 2328 viae
1172 2296 1369 2333 ordinariae,
1387 2297 1562 2329 secuudum
1578 2278 1855 2329 commu-wmum'

989 2359 1043 2381 nes
1069 2349 1260 2392 prudentiae
1285 2354 1316 2381 et
1342 2349 1548 2382 discretionis
1574 2351 1720 2392 regulas,

989 2401 1137 2433 insistant
1162 2411 1282 2440 omnes,
1301 2406 1340 2440 et,
1362 2406 1396 2432 ut
1415 2411 1448 2433 se
1467 2408 1579 2434 contra
1597 2403 1722 2435 daemo-

988 2453 1036 2485 nis
1062 2453 1230 2485 illusiones
1262 2458 1435 2493 tueantur,
1462 2453 1665 2497 superiorum
1691 2460 1724 2487 et

988 2505 1256 2538 confessariorum
1282 2505 1410 2538 ductum
1437 2511 1637 2548 sequantur,
1667 2517 1722 2539 no-

1025 2567 1034 2593 ¹
1059 2566 1128 2593 Edit.
1145 2566 1222 2594 Main.
1240 2567 1303 2602 tegit
1319 2575 1464 2602 quempro
1480 2575 1566 2602 quam
1584 2568 1620 2602 (n.
1637 2568 1686 2602 Τ.).
