2111 3157
14 225 64 254 An.
85 228 113 252 c.
138 221 203 252 ir-'So

48 393 194 418 Transumpto·

15 426 60 442 rum
74 419 133 440 tides.

42 1745 153 1766 Decretum
168 1744 201 1766 tn·

17 1772 108 1793 noceutti
129 1773 146 1793 x
168 1778 199 1793 re·

18 1799 89 1819 turturi

203 284 364 317 rogamus,
390 285 426 307 ac
450 275 642 318 derogatum
671 284 739 307 esse
766 274 929 310 volumus,

205 328 383 370 ceterisque
408 327 575 359 contrariis
600 326 864 369 quibuscumque.

248 381 262 423 ἓ
287 380 318 412 4.
345 379 495 412 Volumus
518 384 553 411 ut
578 378 764 411 earumdem
786 385 933 419 praesen-

206 432 284 465 tium
304 432 483 465 litterarum
505 430 729 473 transumptis,
747 439 803 461 seu
827 438 933 460 excin-

205 485 277 528 plis,
296 485 391 518 etiam
408 483 582 527 impressis,
598 493 693 515 manu
719 481 853 513 alicuius
879 489 933 511 no-

204 537 277 569 tarii
308 536 431 579 publici
463 534 661 577 subscriptis,
688 539 719 565 et.
742 532 847 574 sigillo
866 541 933 573 per-

204 599 302 622 sonae
323 589 356 620 in
374 587 589 620 ecclesiastica
606 585 761 627 dignitate
779 583 932 616 constitu-

204 647 254 673 tae
274 640 413 679 munitis,
440 639 552 671 eadem
569 648 703 680 prorsus
721 637 797 669 fides
813 636 933 678 ubique

203 694 347 727 locorum
365 697 426 723 tam
444 691 476 723 in
501 690 618 722 iudicio
637 700 731 732 quam
751 694 838 721 extra
855 687 933 719 illud

204 744 371 784 habeatur,
392 753 472 786 quae
493 742 667 774 haberetur
686 741 764 784 ipsis
782 749 934 783 praesen-

205 797 290 828 tibus
313 796 339 829 si
365 796 470 827 forent
493 794 654 827 exhibitae
674 794 724 825 vel
750 798 910 825 ostensae.

247 849 361 881 Datum
384 849 526 887 Romae,
552 847 636 890 apud
661 846 691 879 S.
720 845 849 877 Mariam
875 844 936 876 Ma-

204 902 305 935 iorem
330 901 387 933 sub
409 901 527 933 annulo
552 898 732 937 piscatoris,
760 898 810 930 die
836 907 864 930 lx
887 907 935 929 se-

204 953 359 998 ptembris
389 963 534 987 MDCLxxx
556 979 563 993 ‚
598 950 804 995 pontificatus
833 949 933 982 nostri

205 1016 290 1038 anno
315 1015 358 1038 IV.

238 1059 301 1085 Dat.
319 1058 364 1084 die
378 1058 395 1085 9
409 1056 570 1092 septembris
591 1056 668 1090 1680,
689 1055 786 1091 pontif.
806 1063 878 1081 anno
898 1061 933 1081 lv.

529 1198 617 1232 XClI.

205 1278 403 1313 Eoelendz‘lur
432 1277 590 1310 decretum
624 1276 745 1321 prioris
776 1274 936 1318 generalis

252 1331 383 1365 Ordinis
402 1331 621 1364 Eremilarum
637 1329 741 1361 sancii
756 1327 938 1370 Augustini

250 1385 288 1417 de
312 1384 560 1427 consanquineis
583 1387 611 1415 cl
636 1382 788 1425 affinibus
812 1381 938 1422 reliyio-

250 1438 294 1469 sis
311 1437 353 1469 ad
369 1435 582 1469 Discalceatos
597 1433 862 1477 Congreqationis
879 1433 938 1465 Hi-

249 1491 383 1533 spaniae
413 1494 441 1521 et
470 1489 646 1522 Indiarum
674 1487 815 1520 eiusdem
845 1485 939 1519 Ordi-

250 1540 336 1574 m's¹.

392 1619 588 1647 Innocentius
609 1620 688 1652 Papa
707 1619 756 1651 XI,

331 1664 368 1692 ad
387 1667 561 1698 perpetuam
580 1663 624 1690 rei
639 1664 818 1689 memoriam.

253 1735 267 1778 ἓ
286 1734 317 1767 1.
337 1734 461 1766 Dudum
480 1733 580 1766 felicis
596 1732 830 1765 recordationis
848 1732 942 1764 Inno-

210 1787 332 1819 centius
347 1786 465 1829 Paan
479 1785 711 1828 praedecessor
722 1789 833 1817 noster
844 1784 942 1827 quod·

211 1840 281 1871 darn
308 1839 473 1872 decretum
491 1849 508 1870 a
527 1838 687 1880 quondam
710 1837 837 1869 Andrea
862 1837 942 1869 Fivi-

210 1902 291 1925 zano
317 1892 391 1923 dnm
414 1890 490 1922 vixit
513 1890 621 1932 priore
647 1890 789 1931 generali
814 1889 940 1922 Ordinis

210 1945 425 1978 Eremitarum
450 1943 552 1975 sancti
578 1943 746 1985 Augustini
771 1953 830 1985 pro
857 1942 941 1975 felici

211 1997 356 2030 eiusdem
381 1995 508 2028 Ordinis
526 1996 684 2037 regimine
698 1995 782 2027 inter
799 1995 861 2027 alia
879 1995 944 2028 edi-

211 2054 278 2081 tum
309 2048 498 2080 auctoritate
533 2047 709 2090 apostolica
744 2047 944 2079 confirmavit

211 2111 271 2145 per
288 2111 360 2133 suas
383 2100 414 2132 in
433 2100 527 2132 simili
554 2100 654 2132 forma
671 2099 777 2131 Brevis
799 2099 848 2131 die
865 2109 942 2132 xxiii

212 2152 366 2186 februarii
386 2161 538 2185 nncxm'n
555 2152 692 2194 desuper
713 2151 877 2194 expeditas
895 2152 944 2184 lit-

213 2210 316 2244 teras,
344 2204 464 2236 tenoris
492 2203 546 2246 qui
579 2203 742 2246 seqnitur,
776 2203 941 2237 videlicet:

212 2257 421 2290 Innocentius
445 2257 538 2298 Papa
558 2256 599 2295 X,
626 2255 668 2287 ad
689 2260 877 2298 perpetuam
898 2257 946 2288 rei

213 2310 415 2343 memoriam.
442 2309 580 2341 Iniuncti
605 2308 698 2341 nobis
721 2309 861 2352 (reliqua
883 2310 946 2353 Ieyi

210 2367 345 2407 possunt
369 2373 426 2395 suo
452 2362 542 2406 loco).

251 2453 262 2478 1
286 2451 322 2478 De
341 2451 391 2477 hoc
411 2451 520 2477 decreto
546 2453 618 2477 extat
643 2449 739 2485 duplex
760 2451 926 2478 confirmatio
939 2473 945 2483 ,

216 2503 270 2522 una
288 2497 313 2521 iu
342 2495 431 2521 Const.
460 2495 604 2521 Clementis
623 2494 702 2527 Vlll,
728 2494 812 2521 altera
837 2504 896 2522 vero
920 2497 947 2522 in

216 2539 307 2567 Const,
327 2539 475 2565 Innocentii
491 2539 511 2565 X
527 2538 598 2565 edita
616 2546 659 2565 an.
676 2544 809 2572 uncxtvn,
826 2537 868 2566 die
885 2546 948 2566 xxiii

216 2583 356 2617 februarii,
377 2583 470 2618 pontifi
491 2589 526 2609 lv.

794 221 1005 248 INNOCENTIUS
1025 221 1056 245 xt
1080 220 1129 245 1³1⁵.

1605 207 1667 241 0207
1714 216 1807 243 Aac.
1830 219 1896 245 icco

1018 270 1032 312 ἓ
1056 269 1086 302 02.
1114 269 1190 302 Cum
1215 272 1330 307 autem,
1353 266 1434 300 sicut
1460 266 1594 299 dilectus
1620 265 1703 298 filius
1737 280 1895 299 rammam

976 322 1109 354 loannes
1127 332 1143 354 a
1160 320 1424 354 praesentatione
1448 318 1583 351 vicarius
1608 307 1897 360 gene-ffifssf‘ffl'hss'i'li'ffi

976 373 1051 406 ralis
1083 374 1214 406 fratrum
1240 373 1507 405 Discalceatorum
1545 381 1706 413 nuncupa·
1718 358 1902 403 Pss’ssssjssissi‘fi''53132'31'

977 431 1080 457 torum
1112 425 1373 467 Congregationis
1405 423 1576 466 Hispaniae
1603 428 1634 454 et
1658 410 1884 454 In-S'''⁰¹⁵d⁰⁰¹“²¹‘

977 477 1100 509 diarum
1126 477 1201 509 dicti
1225 477 1352 509 Ordinis
1377 476 1587 508 Eremitarum
1605 475 1706 507 sancti

978 528 1145 571 Augustini
1170 529 1264 561 nobis
1289 539 1395 571 nuper
1413 528 1527 571 exponi
1551 528 1634 567 fecit,
1657 539 1705 561 ea-

978 582 1048 614 dem
1077 582 1287 623 Congregatio
1312 582 1349 613 ad
1376 581 1608 613 observantiam
1634 591 1707 613 con-

977 633 1180 665 stitutionum
1201 633 1333 665 fratrum
1349 632 1567 664 Calceatorurn
1582 632 1708 664 Ordinm

978 685 1112 727 praefati
1146 695 1210 717 non
1241 690 1405 723 teneatur,
1433 695 1467 716 ae
1493 684 1626 726 proinde
1653 685 1709 716 du-

978 738 1073 769 bitari
1098 738 1202 780 possit
1226 737 1312 769 illam
1343 747 1402 768 nec
1427 737 1588 768 decretum
1614 748 1708 779 prae-

979 790 1097 822 dictum
1113 800 1239 822 servare
1258 789 1378 828 teneri3
1393 789 1462 830 ipse
1480 800 1554 821 vcro
1574 790 1708 821 loannes

978 843 1113 875 vicarius
1139 843 1299 884 generalis
1316 852 1376 885 pro
1402 842 1485 874 felii-i
1504 847 1534 873 et
1552 852 1709 884 prospero

979 906 1053 927 suae
1079 895 1345 937 Congregationis
1367 894 1529 936 praefatae
1555 894 1710 935 regimine

979 952 1010 979 et
1026 948 1182 989 gubernio
1197 948 1359 980 decretum
1377 946 1571 983 huiusmodi,
1587 947 1710 978 sublato

979 1010 1181 1042 quocumque
1216 1010 1275 1032 usu
1307 1000 1356 1031 vel
1390 999 1624 1031 consuetudine
1659 998 1711 1040 qui

978 1054 1027 1085 vel
1049 1063 1131 1095 quae
1156 1052 1189 1084 in
1213 1052 1407 1085 contrarium
1426 1051 1558 1093 allegari
1585 1056 1710 1093 posset,

980 1105 1011 1137 in
1036 1105 1147 1137 eadem
1172 1104 1428 1146 Congregatione
1459 1104 1621 1136 observari
1648 1104 1713 1146 plu-

979 1157 1093 1189 rimum
1124 1157 1302 1189 desideret:
1329 1156 1422 1188 nobis
1454 1162 1628 1198 propterea
1654 1156 1713 1187 liu-

980 1209 1099 1241 militer
1122 1209 1297 1251 supplicari
1324 1208 1399 1240 fecit
1427 1208 1509 1239 utin
1529 1208 1712 1250 praemissis

981 1265 1163 1303 opportune
1189 1260 1357 1303 providere
1388 1265 1419 1292 et
1443 1265 1477 1291 ut
1503 1260 1583 1291 infra
1608 1260 1714 1292 indul-

982 1324 1056 1356 gere
1082 1314 1121 1346 de
1153 1313 1353 1355 benignitate
1386 1312 1564 1356 apostolica
1595 1313 1710 1354 digna—

982 1377 1099 1399 remur.

1026 1418 1086 1461 §3
1106 1418 1169 1451 Nos
1183 1418 1288 1460 igitur,
1305 1418 1449 1451 eiusdem
1464 1418 1591 1450 Ioannis
1605 1418 1713 1450 vicarii
1751 1429 1849 1450 naman
1873 1432 1898 1451 aa

983 1471 1144 1513 generalis
1169 1471 1251 1503 votis
1277 1471 1336 1502 hac
1359 1471 1390 1503 in
1412 1481 1444 1502 re
1466 1476 1619 1513 quantum
1643 1458 1898 1508 etimiiissii'iifflitni'ssssi'-

983 1523 1116 1556 Domino
1140 1533 1310 1566 possumus
1332 1522 1549 1555 favorabiliter
1573 1534 1714 1556 annuere
1727 1512 1832 1562 ssi'n‘i'ffl'
1873 1510 1899 1531 ¹¹¹

982 1577 1139 1615 volentes,
1160 1586 1298 1618 eumque
1317 1586 1334 1607 a
1360 1576 1520 1618 quibusvis
1539 1586 1717 1609 excommu-

985 1628 1168 1668 nicationis,
1202 1629 1422 1671 suspensionis
1460 1633 1491 1661 et
1527 1629 1715 1669 interdicti,

985 1682 1121 1724 aliisque
1148 1681 1370 1713 ecclesiasticis
1401 1681 1578 1721 sententiis,
1605 1693 1719 1714 censu-

985 1734 1027 1766 ris
1045 1739 1075 1766 et
1089 1734 1214 1777 poenis,
1237 1744 1254 1765 a
1275 1733 1341 1765 iure
1359 1734 1406 1766 vel
1429 1734 1467 1766 ab
1486 1735 1626 1774 homine,
1646 1746 1718 1777 qua-

986 1786 1031 1818 vis
1058 1787 1227 1818 occasione
1253 1787 1302 1818 vcl
1327 1788 1421 1818 causa
1446 1786 1526 1825 latis,
1552 1787 1575 1818 si
1603 1788 1718 1830 quibus

985 1838 1232 1880 quomodolibet
1257 1839 1427 1870 innodatus
1450 1838 1565 1879 existit,
1584 1840 1621 1871 ad
1645 1839 1719 1871 etl'e-

985 1897 1069 1923 ctum
1088 1891 1304 1933 praesentium
1332 1891 1492 1923 dumtaxat
1518 1902 1719 1934 consequen-

986 1945 1071 1982 dum,
1098 1943 1208 1975 harum
1234 1943 1317 1975 serie
1344 1943 1549 1976 absolventes
1576 1949 1606 1976 et
1631 1945 1719 1976 abso-

986 1997 1085 2028 lutum
1108 1995 1175 2027 fore
1196 2001 1376 2034 censentes,
1394 1995 1575 2028 huiusmodi
1602 1996 1719 2038 suppli-

986 2048 1166 2080 cationibus
1186 2047 1339 2087 inclinati,
1358 2048 1523 2080 decretum
1541 2049 1720 2090 praeinser-

987 2107 1051 2134 turn
1077 2113 1094 2133 a
1118 2106 1296 2134 memorato
1317 2101 1444 2133 Andrea
1468 2101 1616 2134 Fivizano
1644 2113 1720 2145 pro-

986 2158 1130 2186 curatore
1156 2153 1300 2195 generali
1325 2153 1454 2192 editum,
1481 2158 1511 2186 et
1535 2164 1551 2186 a
1576 2156 1719 2196 praefato

989 2206 1176 2239 Innocentio
1203 2206 1453 2248 praedecessore
1479 2205 1716 2247 confirmatum,

988 2264 1018 2291 ut
1039 2259 1232 2302 praefertur,
1249 2259 1282 2290 in
1300 2259 1447 2290 universa
1465 2258 1720 2301 Congregatione

988 2312 1152 2354 praedicta
1171 2312 1304 2343 fratrum
1321 2311 1592 2344 Discalceatorum
1611 2313 1721 2356 llispa-

989 2364 1060 2397 niae
1087 2370 1117 2397 et
1142 2364 1312 2403 indiarum,
1327 2374 1362 2396 ac
1380 2363 1418 2395 ah
1445 2365 1592 2398 omnibus
1609 2371 1636 2398 et
1656 2367 1722 2398 sin-

990 2417 1071 2459 gulis
1091 2417 1192 2460 ipsius
1214 2416 1479 2458 Congregationis
1497 2418 1720 2461 superioribus

989 2475 1020 2502 et
1044 2469 1204 2508 fratribus,
1222 2469 1260 2501 ad
1279 2479 1359 2512 quos
1383 2475 1554 2512 spectatet
1580 2471 1611 2502 in
1637 2471 1722 2503 futu-

989 2533 1059 2554 rum
1091 2521 1362 2564 quandocumque
1393 2523 1567 2565 spectabit,
1594 2524 1719 2556 sublato

990 2584 1192 2617 quocumque
1224 2584 1284 2606 usu
1315 2575 1366 2607 vel
1401 2576 1632 2608 consuetudine
1666 2576 1721 2619 qui
