2111 3157
186 209 237 238 An.
258 207 287 236 c.
311 208 380 236 ¹680
423 199 488 234 3002

382 263 471 295 toreS,
489 257 512 288 si
530 257 759 297 indulgentiores
775 258 892 292 suerint,
916 266 931 287 a
953 256 1117 287 definitorio

381 307 552 346 puniantur.

420 364 458 384 v1.
482 355 511 385 Si
534 360 630 385 autem
653 355 754 393 quavis
772 354 806 384 de
821 354 907 384 causa
923 354 999 383 intra
1015 363 1117 384 sexen-

380 403 421 433 nii
435 408 560 442 tempus,
573 404 616 432 vel
630 403 794 432 huiusmodi
807 402 947 432 sexennio
960 402 1114 441 completo,

380 453 416 480 ab
429 452 524 481 osticio
537 451 703 480 cellerariae
715 451 864 480 absolutus
880 450 978 487 fuerit,
993 450 1027 480 ad
1041 450 1117 489 prio-

381 504 475 529 ratum
499 504 594 528 tamen
619 499 746 536 (etiamsi
765 499 868 528 habeat
883 498 939 527 alia
962 497 1115 536 requisita)

381 547 544 585 promoveri
566 555 623 576 nou
647 547 748 585 possit,
772 546 829 575 nisi
852 546 932 584 prius
954 546 1066 583 integre
1087 550 1115 575 et

381 594 505 623 fideliter
526 603 623 623 coram
646 595 776 632 praelato
792 598 819 623 et
836 593 1038 632 superioribus
1056 602 1116 623 mo-

381 642 501 671 nasterii
534 642 678 671 rationem
711 642 870 672 reddiderit
901 651 969 671 suae
992 642 1115 671 admini-

380 690 542 726 strationis,
559 699 592 720 ac
611 690 702 729 ipsius
725 695 861 729 computa
876 690 911 720 ab
927 690 1035 720 eisdem
1053 691 1114 728 (su-

380 748 430 777 per
461 748 519 777 quo
550 739 760 768 conscientiam
799 739 954 769 cuiuslibet
984 739 1113 777 ipsorum

381 787 558 825 oneramus)
578 787 748 826 approbata,
766 787 930 826 subscripta
943 790 970 816 et
985 786 1114 824 legitime

378 835 499 864 solidata
524 835 642 872 suerint,
663 835 936 873 attestationemque
959 834 1062 864 habeat
1084 834 1113 863 in

378 883 494 922 scriptis
517 883 551 912 de
574 883 740 913 huiusmodi
768 882 975 922 approbatione
1002 882 1115 921 praedi-

379 936 490 960 ctorum
520 930 785 970 subscriptionibus
817 940 850 960 ac
876 932 1039 960 iuramento
1067 940 1114 959 va-

380 979 509 1017 lidatam,
533 979 748 1017 definitoribus,
773 979 817 1008 vel
839 979 986 1016 regimini,
1013 982 1044 1008 ut
1067 987 1114 1008 ca-

377 1027 481 1056 nonice
505 1027 667 1066 promoveri
690 1027 792 1066 possit,
810 1027 1062 1066 praesentandam.

416 1083 465 1104 vn.
489 1075 521 1103 In
555 1075 808 1104 administratione
844 1084 942 1104 rerum
970 1078 1115 1113 tempora-

376 1121 448 1151 lium
468 1132 500 1152 ea
523 1123 618 1153 cautio
640 1122 824 1159 adhibeatur,
848 1132 884 1152 ne
907 1122 1028 1161 praelati
1050 1131 1113 1152 eam

377 1179 429 1209 per
460 1179 490 1200 se
522 1170 599 1209 ipsos
628 1175 803 1207 exerceant,
837 1170 886 1200 sed
915 1179 966 1209 per
995 1170 1115 1200 cellera-

376 1219 435 1248 rios
457 1228 472 1247 a
495 1218 697 1249 definitoribus
719 1219 765 1248 vel
787 1219 930 1256 regimine
948 1218 1110 1258 deputatoe,

375 1265 457 1296 iuxta
473 1267 584 1296 litteras
606 1267 635 1296 in
658 1267 749 1296 forma
766 1267 866 1296 Brevis
882 1266 1038 1297 Clementis
1050 1266 1112 1296 VIII

376 1319 404 1344 et
426 1315 508 1345 Pauli
532 1316 570 1353 V;
598 1316 769 1354 temporalia
802 1324 871 1344 vero
903 1315 1018 1352 negotia
1051 1324 1112 1344 mo-

376 1364 570 1393 nasteriorum
602 1368 767 1393 nostrorum
796 1372 846 1402 per
871 1363 1036 1392 saeculares
1062 1366 1110 1392 aut

378 1411 547 1441 commissos
569 1412 665 1451 potius
691 1420 777 1450 quam
808 1420 858 1450 per
881 1411 1038 1440 monachos
1054 1414 1111 1440 tra-

377 1462 503 1489 ctentur.

1135 566 1142 645 '’ffi—

415 1515 475 1536 v111.
499 1507 642 1537 Rectoriis
660 1511 688 1537 et
706 1507 845 1537 membris
867 1506 1108 1536 monasteriorum
1133 1541 1135 1543 ι

378 1558 541 1584 nostrorum
564 1564 621 1585 non
644 1555 820 1594 deputentur
833 1554 891 1584 ullo
907 1554 990 1584 modo
1012 1564 1110 1584 mona-

376 1602 435 1640 chi,
459 1603 573 1633 etiamsi
596 1604 654 1633 sint
676 1603 789 1641 decani,
814 1603 863 1642 qui
885 1612 942 1632 non
965 1603 1023 1632 sint
1045 1612 1110 1641 pro-

377 1654 476 1679 vectae
498 1651 618 1685 actatis,
643 1651 678 1680 ad
693 1652 790 1681 minus
813 1659 955 1680 annorum
978 1650 1111 1688 triginta-

376 1698 519 1737 quinque,
535 1701 571 1736 ζεῖ
591 1700 761 1738 praesertim
784 1699 893 1728 habiles
909 1699 943 1728 ad
966 1699 1111 1737 praedicta

377 1751 456 1776 recte
478 1747 728 1786 administranda,
757 1757 790 1777 ac
817 1757 929 1777 morum
962 1748 1112 1777 honestate

377 1795 539 1833 conspicui,
556 1796 606 1834 qui
623 1800 778 1825 teneantur
796 1795 912 1825 statutis
936 1794 1113 1833 temporitbus

377 1843 530 1873 cellerario
552 1844 696 1874 rationem
714 1844 835 1874 reddere
857 1852 976 1873 suarum
991 1843 1114 1872 admini-

377 1892 564 1930 strationum,
581 1897 608 1922 et
630 1892 735 1930 eidem,
759 1893 789 1922 in
812 1892 857 1921 his
879 1901 953 1931 quae
975 1891 1010 1920 ad
1033 1900 1115 1930 prae-

378 1941 470 1970 dictas
496 1941 763 1970 administrationes
795 1941 964 1980 pertinent,
1000 1948 1111 1979 parere.

378 1987 498 2023 Quando
520 1997 588 2018 vero
610 1988 778 2018 cellerarius
800 1998 815 2017 e
837 1987 1011 2017 monasterio
1033 1996 1114 2024 egre-

379 2037 469 2075 ditur,
486 2037 566 2066 nullo
589 2037 673 2066 modo
696 2037 785 2074 solus,
809 2036 859 2066 sed
882 2037 984 2066 saltem
1006 2035 1114 2065 famulo

379 2085 558 2120 associatus,
589 2085 715 2115 incedat.

419 2142 458 2163 lx.
482 2134 514 2162 In
538 2133 660 2172 singulis
682 2137 779 2163 autem
802 2133 996 2168 monasteriis,
1014 2131 1116 2162 defini-

380 2185 470 2219 tores,
489 2182 532 2211 vel
555 2182 696 2220 regimen,
722 2186 807 2221 prout
822 2182 960 2211 statuitur
982 2182 1011 2210 in
1034 2189 1116 2220 prae-

381 2229 457 2259 dicto
480 2230 564 2259 Brevi
586 2230 742 2260 Clementis
765 2230 838 2267 VIII,
855 2230 994 2269 deputent
1016 2239 1116 2259 mona-

381 2279 468 2308 chum
490 2279 643 2318 probatum
669 2289 702 2309 ac
720 2279 834 2309 fidelem
850 2279 879 2308 in
895 2279 1114 2317 depositarium,

382 2336 470 2365 penes
492 2336 578 2366 quem
601 2328 741 2366 pecuniae
756 2337 867 2365 omnes,
884 2337 1065 2366 quacumque
1081 2336 1116 2357 ex

382 2377 472 2404 causa
493 2376 529 2405 ad
558 2376 779 2413 monasterium,
799 2381 858 2406 tam
887 2386 920 2406 ex
943 2376 1114 2406 cancellaria

382 2428 411 2452 et
446 2423 510 2452 aliis
546 2424 682 2453 membris
718 2433 750 2454 ac
778 2425 911 2454 rectoriis
943 2424 1116 2464 supradictis

383 2471 428 2501 vel
450 2481 483 2501 ex
505 2474 590 2501 causa
622 2473 830 2512 cuiuscumque
856 2473 995 2511 canonis,
1020 2472 1117 2502 laude-

963 208 1142 233 BULLARIUM
1165 208 1316 234 ROMANUM

1159 261 1356 296 reponantur:
1370 257 1453 287 cuius
1468 256 1635 296 depositarii
1650 257 1807 297 praecipua
1823 266 1892 288 cura

1159 306 1196 336 sit
1218 306 1248 335 in
1270 306 1422 336 destinatis
1444 306 1588 335 rationum
1611 305 1692 336 libris
1714 307 1838 336 fideliter
1859 316 1892 336 ac

1159 354 1313 392 diligenter
1344 354 1509 384 huiusmodi
1541 354 1679 393 pecunias
1708 354 1890 393 describere;

1158 411 1258 432 earum
1281 406 1378 432 autem
1406 411 1443 431 ne
1458 401 1574 432 obolum
1597 402 1713 441 quidem
1736 403 1890 441 expendat,

1158 455 1207 480 aut
1229 450 1315 480 alicui
1331 450 1432 489 quovis
1454 454 1605 488 praetextu
1627 450 1729 487 solvat,
1747 450 1803 479 nisi
1825 459 1891 479 cum

1159 499 1293 528 mandato
1315 498 1459 528 cellerarii
1481 502 1530 527 aut
1551 497 1652 527 vicarii
1674 498 1822 527 sacristiae
1847 507 1892 528 re-

1158 546 1296 586 spective,
1319 547 1449 585 ipsorum
1472 555 1571 582 manu,
1589 555 1621 575 ac
1637 546 1768 584 praelati,
1788 545 1844 584 vel,
1861 546 1891 575 in

1157 595 1219 625 eius
1241 594 1384 631 absentia,
1401 593 1562 632 superioris
1578 593 1749 623 monasterii
1765 593 1892 623 subscri-

1157 648 1223 682 pto:
1246 642 1412 672 huiusmodi
1435 645 1530 671 autem
1554 641 1689 670 mandata
1718 641 1747 670 in
1772 651 1891 680 praepa-

1157 696 1219 720 rato
1235 691 1333 720 codice
1346 689 1559 726 describantur,
1575 690 1711 728 expressa
1721 689 1750 719 in
1763 689 1800 718 iis
1812 698 1888 718 surn-

1157 741 1200 768 ma
1225 739 1383 777 pecuniae,
1408 738 1474 773 cui,
1498 741 1526 767 et
1549 746 1604 775 qua
1631 737 1667 766 de
1694 738 1780 767 causa
1802 738 1890 767 suerit

1157 787 1314 825 persoluta,
1332 791 1363 816 ut
1378 795 1412 816 ex
1428 786 1535 815 eisdem
1553 785 1667 814 facilius
1689 785 1890 815 visitatoribus

1156 836 1318 864 innotescat
1340 844 1376 863 an
1400 832 1568 862 huiusmodi
1592 832 1724 862 redditus
1746 833 1776 862 in
1797 833 1889 863 solitis

1155 892 1187 911 ac
1204 881 1378 911 necessariis
1392 880 1559 910 monasterii
1578 880 1753 918 sumptibus,
1772 881 1817 910 vel
1834 881 1890 910 sor-

1155 940 1205 959 san
1229 930 1257 959 in
1281 930 1345 959 aliis
1374 928 1528 958 inutilibus
1553 937 1586 958 ac
1615 929 1769 967 superfluis
1791 929 1889 968 (quod

1155 979 1273 1008 omniuo
1294 978 1417 1007 vetitum
1441 977 1503 1015 est)
1519 977 1736 1015 impendantur3
1757 981 1785 1007 et
1800 978 1823 1007 si
1839 978 1889 1016 qui

1154 1027 1212 1056 sint
1228 1026 1346 1063 abusus,
1365 1030 1423 1055 tam
1442 1025 1518 1054 circa
1541 1025 1705 1054 huiusmodi
1727 1025 1845 1055 inutiles
1860 1030 1888 1055 et

1154 1076 1316 1113 superfluas
1338 1082 1494 1112 expensas,
1521 1082 1607 1112 quam
1629 1073 1705 1103 circa
1729 1074 1889 1112 praesentis

1154 1123 1371 1153 constitutionis
1394 1121 1622 1158 observantiam,
1639 1122 1809 1160 praesertim
1834 1122 1888 1152 sub

1155 1175 1305 1211 praetextu
1327 1170 1403 1209 quod
1427 1169 1517 1208 aliqui
1538 1169 1668 1199 redditus
1689 1169 1725 1198 ad
1745 1178 1887 1199 cameram

1153 1219 1328 1249 abbatialem
1357 1219 1543 1257 pertineant,
1567 1222 1595 1248 et
1623 1218 1659 1247 de
1680 1217 1738 1247 illis
1767 1219 1887 1257 praelati

1154 1277 1206 1307 pro
1227 1267 1322 1304 libito,
1338 1267 1368 1296 in
1384 1266 1568 1296 commodum
1587 1270 1683 1296 tamen
1699 1267 1889 1297 monasterio-

1153 1325 1228 1352 rum,
1252 1316 1406 1354 disponere
1428 1314 1556 1353 possint,
1579 1313 1614 1343 ab
1636 1314 1738 1344 iisdem
1760 1315 1889 1345 visitato-

1153 1363 1233 1393 ribus
1255 1363 1332 1392 serio
1355 1362 1509 1392 mandetur
1535 1366 1567 1392 ut
1591 1363 1708 1392 omnino
1730 1363 1886 1401 tollantur,

1152 1417 1179 1442 et
1195 1411 1361 1441 huiusmodi
1377 1410 1507 1440 redditus
1525 1410 1555 1440 in
1578 1411 1759 1441 necessarios
1775 1420 1890 1441 monas-

1152 1461 1291 1490 teriorum
1313 1468 1382 1489 usus
1404 1462 1624 1489 convertantur.

1240 1526 1335 1556 CAPUT
1357 1524 1466 1554 XXXII.
1489 1541 1529 1546 —
1550 1524 1590 1554 De
1610 1526 1796 1565 ferramentis,

1356 1573 1396 1602 val
1417 1573 1496 1602 rebus
1514 1573 1684 1603 monasterii.

1901 208 1952 237 An.
1972 207 2002 238 C.
2015 209 2084 239 1080

1197 1631 1243 1674 (a)
1276 1630 1463 1664 Substantia
1498 1630 1686 1663 monasterii
1722 1630 1755 1663 in
1791 1631 1889 1664 serra·
1918 1634 2080 1660 Quibmssffl

1899 1665 1995 1682 cautione
2040 1664 2081 1681 tra-

1153 1684 1270 1717 mentis
1295 1684 1346 1715 vel
1372 1682 1510 1715 vestibus
1538 1693 1593 1715 seu
1619 1683 1816 1725 quibuslibet
1839 1694 1889 1717 re·
1899 1689 1969 1709 deusta
1984 1694 2034 1708 ⁶¹³³
2050 1693 2082 1707 ‘²-

1154 1737 1213 1768 bus
1238 1735 1403 1778 provideat
1427 1734 1525 1767 abbas
1546 1735 1673 1775 fratres,
1690 1736 1729 1768 de
1751 1746 1888 1779 quorum

1154 1788 1217 1820 vita
1242 1793 1274 1820 et
1298 1787 1441 1820 moribus
1467 1797 1601 1819 securus
1626 1788 1679 1827 sit,
1705 1793 1737 1820 et
1762 1788 1807 1821 eis
1826 1788 1889 1820 sin-

1156 1841 1239 1882 gula,
1260 1845 1295 1871 ut
1318 1840 1397 1872 utile
1420 1838 1626 1879 iudicaverit,
1648 1839 1693 1883 (b)
1721 1839 1890 1882 consignet

1156 1891 1369 1924 custodienda
1387 1896 1484 1933 atque
1506 1891 1737 1933 recolligenda.
1756 1891 1798 1923 Ex
1817 1892 1889 1935 qui-

1155 1944 1214 1976 bus
1239 1944 1336 1976 abbas
1360 1944 1456 1976 breve
1482 1948 1598 1983 teneat,
1616 1948 1658 1983 ut,
1678 1944 1754 1977 dum
1769 1944 1829 1977 sibi
1855 1944 1889 1977 in

1156 1999 1224 2040 ipsa
1257 1996 1418 2038 assignata
1456 1996 1569 2028 fratres
1605 1995 1745 2029 vicissim
1781 2007 1890 2030 succe-

1157 2050 1249 2089 dunt,
1276 2049 1356 2081 sciat
1381 2049 1465 2091 quod
1492 2049 1556 2088 dat,
1582 2053 1636 2081 aut
1660 2049 1736 2092 quid
1760 2050 1886 2093 recipit.

1156 2102 1187 2134 Si
1213 2101 1284 2144 quis
1308 2106 1414 2133 autem
1446 2101 1575 2133 sordide
1607 2106 1662 2133 aut
1686 2101 1891 2144 negligenter

1157 2163 1208 2186 res
1234 2152 1423 2185 monasterii
1450 2152 1640 2192 tractaverit,
1673 2153 1889 2196 corripiatur3

1157 2206 1183 2238 si
1201 2215 1267 2238 non
1285 2204 1512 2245 emendaverit,
1539 2205 1726 2248 disciplinae
1751 2206 1891 2249 regulari

1158 2258 1333 2291 subiaceat.

1426 2328 1623 2350 ceccanum.

1197 2378 1240 2416 (a)
1263 2386 1281 2407 1.
1306 2377 1464 2407 Substantia
1485 2379 1652 2407 monasterii.
1675 2377 1801 2413 Quilibet
1830 2378 1893 2409 osil-

1158 2426 1239 2455 cialis
1262 2425 1340 2455 intra
1364 2435 1493 2456 mensem
1510 2436 1524 2455 a
1541 2426 1586 2456 die
1605 2426 1809 2464 publicationis
1824 2436 1892 2457 suae

1158 2474 1244 2504 saciat
1258 2474 1455 2504 inventarium
1472 2475 1506 2504 de
1522 2474 1608 2509 rebus
1624 2475 1803 2513 monasterii,
1819 2483 1893 2514 quae

384 2520 453 2557 mii,
480 2530 584 2550 census
611 2526 660 2550 aut
689 2521 845 2551 cuiuslibet
876 2522 996 2551 alterius
1024 2521 1067 2551 rei
1089 2526 1117 2551 et
1159 2523 1307 2561 pertinent
1322 2522 1357 2552 ad
1371 2532 1455 2552 suum
1475 2522 1621 2559 osticium3
1638 2526 1665 2552 et
1679 2523 1824 2561 praelatus
1844 2523 1894 2552 lia-

384 2569 585 2605 cmolumrnti,
596 2578 681 2608 quam
696 2579 728 2599 cx
743 2570 885 2607 sacris-tia,
900 2571 1114 2609 provenientes,

1160 2571 1222 2600 beat
1240 2572 1315 2609 apud
1332 2581 1361 2601 se
1377 2571 1571 2601 inventarium
1588 2571 1750 2601 universale
1764 2571 1893 2603 omnium

1899 1720 1943 1735 rum
1952 1713 2082 1735 monasterii.
