<?xml version="1.0" encoding="UTF-8"?>
<!DOCTYPE html PUBLIC "-//W3C//DTD XHTML 1.0 Transitional//EN"
    "http://www.w3.org/TR/xhtml1/DTD/xhtml1-transitional.dtd">
<html xmlns="http://www.w3.org/1999/xhtml" xml:lang="en" lang="en">
 <head>
  <title>
</title>
<meta http-equiv="Content-Type" content="text/html;charset=utf-8" />
  <meta name='ocr-system' content='tesseract 3.04.00' />
  <meta name='ocr-capabilities' content='ocr_page ocr_carea ocr_par ocr_line ocrx_word'/>
</head>
<body>
  <div class='ocr_page' id='page_1' title='image "./bullarumdiplomat19cath_0417.png"; bbox 0 0 2111 3157; ppageno 0'>
   <div class='ocr_carea' id='block_1_1' title="bbox 5 241 168 270">
    <p class='ocr_par' dir='ltr' id='par_1_1' title="bbox 5 241 168 270">
     <span class='ocr_line' id='line_1_1' title="bbox 5 241 168 270; baseline 0.006 -1"><span class='ocrx_word' id='word_1_1' title='bbox 5 250 30 269; x_wconf 88' lang='lat' dir='ltr'>n.</span> <span class='ocrx_word' id='word_1_2' title='bbox 47 241 77 270; x_wconf 87' lang='lat' dir='ltr'>C.</span> <span class='ocrx_word' id='word_1_3' title='bbox 100 242 168 270; x_wconf 78' lang='lat'>¹680</span> 
     </span>
    </p>
   </div>
   <div class='ocr_carea' id='block_1_2' title="bbox 6 875 153 897">
    <p class='ocr_par' dir='ltr' id='par_1_2' title="bbox 6 875 153 897">
     <span class='ocr_line' id='line_1_2' title="bbox 6 875 153 897; baseline -0.007 0"><span class='ocrx_word' id='word_1_4' title='bbox 6 875 94 897; x_wconf 72' lang='lat' dir='ltr'>notatae</span> <span class='ocrx_word' id='word_1_5' title='bbox 117 876 153 896; x_wconf 80' lang='lat' dir='ltr'>de-</span> 
     </span>
    </p>
   </div>
   <div class='ocr_carea' id='block_1_3' title="bbox 0 902 172 924">
    <p class='ocr_par' dir='ltr' id='par_1_3' title="bbox 0 902 172 924">
     <span class='ocr_line' id='line_1_3' title="bbox 0 902 172 924; baseline -0.006 -2"><span class='ocrx_word' id='word_1_6' title='bbox 0 904 96 922; x_wconf 63' lang='lat' dir='ltr'>trationes</span> <span class='ocrx_word' id='word_1_7' title='bbox 133 902 152 921; x_wconf 89' lang='lat' dir='ltr'>in</span> <span class='ocrx_word' id='word_1_8' title='bbox 167 919 172 924; x_wconf 87' lang='grc'><strong>,</strong></span> 
     </span>
    </p>
   </div>
   <div class='ocr_carea' id='block_1_4' title="bbox 0 929 153 1001">
    <p class='ocr_par' dir='ltr' id='par_1_4' title="bbox 0 929 153 1001">
     <span class='ocr_line' id='line_1_4' title="bbox 0 929 153 957; baseline -0.007 -9"><span class='ocrx_word' id='word_1_9' title='bbox 0 929 69 957; x_wconf 60' lang='lat' dir='ltr'>gulam.</span> <span class='ocrx_word' id='word_1_10' title='bbox 78 930 98 948; x_wconf 78' lang='lat' dir='ltr'>et</span> <span class='ocrx_word' id='word_1_11' title='bbox 106 933 153 947; x_wconf 87' lang='lat' dir='ltr'>con-</span> 
     </span>
     <span class='ocr_line' id='line_1_5' title="bbox 0 957 153 974; baseline 0.007 -1"><span class='ocrx_word' id='word_1_12' title='bbox 0 957 89 974; x_wconf 71' lang='lat' dir='ltr'>tuuonos</span> <span class='ocrx_word' id='word_1_13' title='bbox 104 959 153 974; x_wconf 80' lang='lat' dir='ltr'>cou-</span> 
     </span>
     <span class='ocr_line' id='line_1_6' title="bbox 0 982 85 1001; baseline 0 -1"><span class='ocrx_word' id='word_1_14' title='bbox 0 982 85 1001; x_wconf 59' lang='lat' dir='ltr'>uantur.</span> 
     </span>
    </p>
   </div>
   <div class='ocr_carea' id='block_1_5' title="bbox 0 2226 116 2250">
    <p class='ocr_par' dir='ltr' id='par_1_5' title="bbox 0 2226 116 2250">
     <span class='ocr_line' id='line_1_7' title="bbox 0 2226 116 2250; baseline 0.017 -2"><span class='ocrx_word' id='word_1_15' title='bbox 0 2226 116 2250; x_wconf 71' lang='lat' dir='ltr'>clausulae.</span> 
     </span>
    </p>
   </div>
   <div class='ocr_carea' id='block_1_6' title="bbox 160 290 902 2633">
    <p class='ocr_par' dir='ltr' id='par_1_6' title="bbox 160 290 902 2633">
     <span class='ocr_line' id='line_1_8' title="bbox 213 290 902 336; baseline 0 -12"><span class='ocrx_word' id='word_1_16' title='bbox 213 301 256 325; x_wconf 88' lang='lat' dir='ltr'>1v.</span> <span class='ocrx_word' id='word_1_17' title='bbox 283 290 462 326; x_wconf 83' lang='lat' dir='ltr'>Laudamus</span> <span class='ocrx_word' id='word_1_18' title='bbox 486 292 564 326; x_wconf 90' lang='lat' dir='ltr'>item</span> <span class='ocrx_word' id='word_1_19' title='bbox 580 292 665 336; x_wconf 88' lang='lat' dir='ltr'>piam</span> <span class='ocrx_word' id='word_1_20' title='bbox 682 302 751 325; x_wconf 87' lang='lat' dir='ltr'>eam</span> <span class='ocrx_word' id='word_1_21' title='bbox 767 302 902 325; x_wconf 89' lang='lat' dir='ltr'>consue-</span> 
     </span>
     <span class='ocr_line' id='line_1_9' title="bbox 169 343 902 388; baseline 0.003 -14"><span class='ocrx_word' id='word_1_22' title='bbox 169 343 327 384; x_wconf 80' lang='lat' dir='ltr'>tudinem,</span> <span class='ocrx_word' id='word_1_23' title='bbox 355 354 438 387; x_wconf 90' lang='lat' dir='ltr'>quae</span> <span class='ocrx_word' id='word_1_24' title='bbox 462 344 496 377; x_wconf 91' lang='lat' dir='ltr'>in</span> <span class='ocrx_word' id='word_1_25' title='bbox 519 344 681 388; x_wconf 79' lang='lat' dir='ltr'>aliquibus</span> <span class='ocrx_word' id='word_1_26' title='bbox 700 344 820 377; x_wconf 84' lang='lat' dir='ltr'>nostris</span> <span class='ocrx_word' id='word_1_27' title='bbox 837 355 902 377; x_wconf 91' lang='lat' dir='ltr'>mo-</span> 
     </span>
     <span class='ocr_line' id='line_1_10' title="bbox 168 395 901 440; baseline 0.003 -13"><span class='ocrx_word' id='word_1_28' title='bbox 168 395 318 428; x_wconf 86' lang='lat' dir='ltr'>nasteriis</span> <span class='ocrx_word' id='word_1_29' title='bbox 350 396 413 429; x_wconf 90' lang='lat' dir='ltr'>iam</span> <span class='ocrx_word' id='word_1_30' title='bbox 437 401 591 440; x_wconf 86' lang='lat' dir='ltr'>recepta,</span> <span class='ocrx_word' id='word_1_31' title='bbox 614 401 646 429; x_wconf 93' lang='lat' dir='ltr'>et</span> <span class='ocrx_word' id='word_1_32' title='bbox 669 397 709 429; x_wconf 89' lang='lat' dir='ltr'>ad</span> <span class='ocrx_word' id='word_1_33' title='bbox 734 407 772 429; x_wconf 90' lang='lat' dir='ltr'>ea</span> <span class='ocrx_word' id='word_1_34' title='bbox 795 401 901 429; x_wconf 85' lang='lat' dir='ltr'>cetera</span> 
     </span>
     <span class='ocr_line' id='line_1_11' title="bbox 168 448 902 491; baseline 0.003 -12"><span class='ocrx_word' id='word_1_35' title='bbox 168 457 299 491; x_wconf 91' lang='lat' dir='ltr'>quoque</span> <span class='ocrx_word' id='word_1_36' title='bbox 323 449 519 482; x_wconf 87' lang='lat' dir='ltr'>monasteria</span> <span class='ocrx_word' id='word_1_37' title='bbox 536 449 665 482; x_wconf 85' lang='lat' dir='ltr'>extendi</span> <span class='ocrx_word' id='word_1_38' title='bbox 689 448 848 488; x_wconf 90' lang='lat' dir='ltr'>iubemus,</span> <span class='ocrx_word' id='word_1_39' title='bbox 866 453 902 481; x_wconf 89' lang='lat' dir='ltr'>ut</span> 
     </span>
     <span class='ocr_line' id='line_1_12' title="bbox 167 500 899 545; baseline 0.003 -13"><span class='ocrx_word' id='word_1_40' title='bbox 167 500 291 534; x_wconf 88' lang='lat' dir='ltr'>scilicet</span> <span class='ocrx_word' id='word_1_41' title='bbox 314 501 443 544; x_wconf 81' lang='lat' dir='ltr'>singulo</span> <span class='ocrx_word' id='word_1_42' title='bbox 466 512 595 545; x_wconf 89' lang='lat' dir='ltr'>quoque</span> <span class='ocrx_word' id='word_1_43' title='bbox 620 511 705 535; x_wconf 91' lang='lat' dir='ltr'>anno</span> <span class='ocrx_word' id='word_1_44' title='bbox 723 501 827 544; x_wconf 77' lang='lat' dir='ltr'>aliqua</span> <span class='ocrx_word' id='word_1_45' title='bbox 848 502 899 534; x_wconf 94' lang='lat' dir='ltr'>die</span> 
     </span>
     <span class='ocr_line' id='line_1_13' title="bbox 166 553 901 597; baseline 0.003 -13"><span class='ocrx_word' id='word_1_46' title='bbox 166 562 232 585; x_wconf 92' lang='lat' dir='ltr'>non</span> <span class='ocrx_word' id='word_1_47' title='bbox 256 553 411 597; x_wconf 77' lang='lat' dir='ltr'>impedita</span> <span class='ocrx_word' id='word_1_48' title='bbox 427 554 547 587; x_wconf 81' lang='lat' dir='ltr'>mensis</span> <span class='ocrx_word' id='word_1_49' title='bbox 564 553 743 587; x_wconf 82' lang='lat' dir='ltr'>decembris</span> <span class='ocrx_word' id='word_1_50' title='bbox 761 564 901 586; x_wconf 89' lang='lat' dir='ltr'>conven-</span> 
     </span>
     <span class='ocr_line' id='line_1_14' title="bbox 166 605 900 648; baseline 0.003 -12"><span class='ocrx_word' id='word_1_51' title='bbox 166 605 298 638; x_wconf 87' lang='lat' dir='ltr'>tualiter</span> <span class='ocrx_word' id='word_1_52' title='bbox 320 606 474 639; x_wconf 83' lang='lat' dir='ltr'>recitetur</span> <span class='ocrx_word' id='word_1_53' title='bbox 498 606 659 648; x_wconf 83' lang='lat' dir='ltr'>integrum</span> <span class='ocrx_word' id='word_1_54' title='bbox 683 605 824 638; x_wconf 83' lang='lat' dir='ltr'>officium</span> <span class='ocrx_word' id='word_1_55' title='bbox 844 606 900 638; x_wconf 91' lang='lat' dir='ltr'>de-</span> 
     </span>
     <span class='ocr_line' id='line_1_15' title="bbox 166 657 899 699; baseline 0.003 -10"><span class='ocrx_word' id='word_1_56' title='bbox 166 657 368 699; x_wconf 81' lang='lat' dir='ltr'>functorum,</span> <span class='ocrx_word' id='word_1_57' title='bbox 403 663 434 691; x_wconf 86' lang='lat' dir='ltr'>et</span> <span class='ocrx_word' id='word_1_58' title='bbox 465 659 615 691; x_wconf 88' lang='lat' dir='ltr'>similiter</span> <span class='ocrx_word' id='word_1_59' title='bbox 637 663 783 691; x_wconf 85' lang='lat' dir='ltr'>cantetur</span> <span class='ocrx_word' id='word_1_60' title='bbox 803 658 899 691; x_wconf 90' lang='lat' dir='ltr'>missa</span> 
     </span>
     <span class='ocr_line' id='line_1_16' title="bbox 164 710 898 753; baseline 0.001 -11"><span class='ocrx_word' id='word_1_61' title='bbox 164 719 226 752; x_wconf 91' lang='lat' dir='ltr'>pro</span> <span class='ocrx_word' id='word_1_62' title='bbox 249 710 368 743; x_wconf 87' lang='lat' dir='ltr'>nostris</span> <span class='ocrx_word' id='word_1_63' title='bbox 393 710 555 753; x_wconf 82' lang='lat' dir='ltr'>religiosis</span> <span class='ocrx_word' id='word_1_64' title='bbox 579 710 613 743; x_wconf 90' lang='lat' dir='ltr'>in</span> <span class='ocrx_word' id='word_1_65' title='bbox 637 710 753 744; x_wconf 89' lang='lat' dir='ltr'>eodem</span> <span class='ocrx_word' id='word_1_66' title='bbox 771 720 898 743; x_wconf 91' lang='lat' dir='ltr'>monas-</span> 
     </span>
     <span class='ocr_line' id='line_1_17' title="bbox 165 761 530 803; baseline 0.003 -9"><span class='ocrx_word' id='word_1_67' title='bbox 165 761 248 795; x_wconf 88' lang='lat' dir='ltr'>terio</span> <span class='ocrx_word' id='word_1_68' title='bbox 274 762 445 803; x_wconf 78' lang='lat' dir='ltr'>defunctis,</span> <span class='ocrx_word' id='word_1_69' title='bbox 470 767 530 796; x_wconf 88' lang='lat' dir='ltr'>etc.</span> 
     </span>
     <span class='ocr_line' id='line_1_18' title="bbox 483 825 577 849; baseline -0.011 -1"><span class='ocrx_word' id='word_1_70' title='bbox 483 825 577 849; x_wconf 76' lang='lat' dir='ltr'>riuis.</span> 
     </span>
     <span class='ocr_line' id='line_1_19' title="bbox 207 866 896 910; baseline 0 -11"><span class='ocrx_word' id='word_1_71' title='bbox 207 867 222 910; x_wconf 64' lang='lat' dir='ltr'>g</span> <span class='ocrx_word' id='word_1_72' title='bbox 236 866 267 899; x_wconf 75' lang='lat'>⁶2.</span> <span class='ocrx_word' id='word_1_73' title='bbox 279 867 360 900; x_wconf 88' lang='lat' dir='ltr'>Hinc</span> <span class='ocrx_word' id='word_1_74' title='bbox 374 868 517 910; x_wconf 91' lang='lat' dir='ltr'>estquod</span> <span class='ocrx_word' id='word_1_75' title='bbox 529 878 598 908; x_wconf 89' lang='lat' dir='ltr'>nos,</span> <span class='ocrx_word' id='word_1_76' title='bbox 608 872 787 910; x_wconf 79' lang='lat' dir='ltr'>perpetuae</span> <span class='ocrx_word' id='word_1_77' title='bbox 801 872 896 910; x_wconf 89' lang='lat' dir='ltr'>atque</span> 
     </span>
     <span class='ocr_line' id='line_1_20' title="bbox 165 919 896 962; baseline 0 -11"><span class='ocrx_word' id='word_1_78' title='bbox 165 919 342 952; x_wconf 77' lang='lat' dir='ltr'>inviolabili</span> <span class='ocrx_word' id='word_1_79' title='bbox 354 920 630 962; x_wconf 87' lang='lat' dir='ltr'>praeinsertarum</span> <span class='ocrx_word' id='word_1_80' title='bbox 644 920 896 952; x_wconf 75' lang='lat' dir='ltr'>declarationum</span> 
     </span>
     <span class='ocr_line' id='line_1_21' title="bbox 164 971 898 1012; baseline 0.001 -9"><span class='ocrx_word' id='word_1_81' title='bbox 164 976 195 1003; x_wconf 89' lang='lat' dir='ltr'>et</span> <span class='ocrx_word' id='word_1_82' title='bbox 218 972 483 1004; x_wconf 82' lang='lat' dir='ltr'>constitutionum</span> <span class='ocrx_word' id='word_1_83' title='bbox 506 971 658 1012; x_wconf 81' lang='lat' dir='ltr'>firmitati,</span> <span class='ocrx_word' id='word_1_84' title='bbox 682 973 791 1005; x_wconf 90' lang='lat' dir='ltr'>robori</span> <span class='ocrx_word' id='word_1_85' title='bbox 808 978 839 1005; x_wconf 93' lang='lat' dir='ltr'>et</span> <span class='ocrx_word' id='word_1_86' title='bbox 855 973 898 1004; x_wconf 80' lang='lat' dir='ltr'>ef-</span> 
     </span>
     <span class='ocr_line' id='line_1_22' title="bbox 163 1024 897 1067; baseline 0.001 -11"><span class='ocrx_word' id='word_1_87' title='bbox 163 1024 304 1064; x_wconf 81' lang='lat' dir='ltr'>ficaciae,</span> <span class='ocrx_word' id='word_1_88' title='bbox 328 1030 483 1067; x_wconf 84' lang='lat' dir='ltr'>quantum</span> <span class='ocrx_word' id='word_1_89' title='bbox 508 1025 600 1057; x_wconf 90' lang='lat' dir='ltr'>nobis</span> <span class='ocrx_word' id='word_1_90' title='bbox 632 1035 669 1057; x_wconf 86' lang='lat' dir='ltr'>ex</span> <span class='ocrx_word' id='word_1_91' title='bbox 694 1027 758 1057; x_wconf 90' lang='lat' dir='ltr'>alto</span> <span class='ocrx_word' id='word_1_92' title='bbox 783 1035 897 1057; x_wconf 87' lang='lat' dir='ltr'>conee-</span> 
     </span>
     <span class='ocr_line' id='line_1_23' title="bbox 163 1076 895 1120; baseline 0.003 -12"><span class='ocrx_word' id='word_1_93' title='bbox 163 1076 259 1116; x_wconf 86' lang='lat' dir='ltr'>ditur,</span> <span class='ocrx_word' id='word_1_94' title='bbox 270 1077 443 1119; x_wconf 89' lang='lat' dir='ltr'>providere</span> <span class='ocrx_word' id='word_1_95' title='bbox 457 1077 634 1119; x_wconf 84' lang='lat' dir='ltr'>cupientes,</span> <span class='ocrx_word' id='word_1_96' title='bbox 649 1083 738 1109; x_wconf 89' lang='lat' dir='ltr'>motu</span> <span class='ocrx_word' id='word_1_97' title='bbox 752 1078 895 1120; x_wconf 88' lang='lat' dir='ltr'>proprio,</span> 
     </span>
     <span class='ocr_line' id='line_1_24' title="bbox 162 1129 896 1163; baseline 0.001 -2"><span class='ocrx_word' id='word_1_98' title='bbox 162 1138 198 1161; x_wconf 82' lang='lat' dir='ltr'>ac</span> <span class='ocrx_word' id='word_1_99' title='bbox 222 1139 259 1161; x_wconf 83' lang='lat' dir='ltr'>ex</span> <span class='ocrx_word' id='word_1_100' title='bbox 284 1130 370 1161; x_wconf 74' lang='lat' dir='ltr'>certa</span> <span class='ocrx_word' id='word_1_101' title='bbox 394 1129 527 1162; x_wconf 78' lang='lat' dir='ltr'>scientia</span> <span class='ocrx_word' id='word_1_102' title='bbox 551 1134 583 1162; x_wconf 89' lang='lat' dir='ltr'>et</span> <span class='ocrx_word' id='word_1_103' title='bbox 599 1131 722 1162; x_wconf 78' lang='lat' dir='ltr'>matura</span> <span class='ocrx_word' id='word_1_104' title='bbox 739 1129 896 1163; x_wconf 90' lang='lat' dir='ltr'>delibera-</span> 
     </span>
     <span class='ocr_line' id='line_1_25' title="bbox 162 1181 895 1223; baseline 0.001 -11"><span class='ocrx_word' id='word_1_105' title='bbox 162 1181 250 1213; x_wconf 83' lang='lat' dir='ltr'>tione</span> <span class='ocrx_word' id='word_1_106' title='bbox 271 1181 409 1220; x_wconf 88' lang='lat' dir='ltr'>nostris,</span> <span class='ocrx_word' id='word_1_107' title='bbox 434 1181 539 1223; x_wconf 85' lang='lat' dir='ltr'>deque</span> <span class='ocrx_word' id='word_1_108' title='bbox 570 1181 767 1223; x_wconf 87' lang='lat' dir='ltr'>apostolicae</span> <span class='ocrx_word' id='word_1_109' title='bbox 791 1186 895 1223; x_wconf 89' lang='lat' dir='ltr'>potes-</span> 
     </span>
     <span class='ocr_line' id='line_1_26' title="bbox 162 1232 894 1275; baseline 0.003 -11"><span class='ocrx_word' id='word_1_110' title='bbox 162 1233 235 1265; x_wconf 84' lang='lat' dir='ltr'>tatis</span> <span class='ocrx_word' id='word_1_111' title='bbox 259 1232 472 1275; x_wconf 84' lang='lat' dir='ltr'>plenitudine,</span> <span class='ocrx_word' id='word_1_112' title='bbox 496 1243 609 1265; x_wconf 90' lang='lat' dir='ltr'>omnes</span> <span class='ocrx_word' id='word_1_113' title='bbox 633 1239 665 1265; x_wconf 90' lang='lat' dir='ltr'>et</span> <span class='ocrx_word' id='word_1_114' title='bbox 683 1233 825 1275; x_wconf 81' lang='lat' dir='ltr'>singulas</span> <span class='ocrx_word' id='word_1_115' title='bbox 842 1235 894 1266; x_wconf 89' lang='lat' dir='ltr'>de-</span> 
     </span>
     <span class='ocr_line' id='line_1_27' title="bbox 162 1284 896 1327; baseline 0 -9"><span class='ocrx_word' id='word_1_116' title='bbox 162 1284 353 1318; x_wconf 83' lang='lat' dir='ltr'>clarationes</span> <span class='ocrx_word' id='word_1_117' title='bbox 381 1286 421 1318; x_wconf 86' lang='lat' dir='ltr'>ad</span> <span class='ocrx_word' id='word_1_118' title='bbox 445 1286 591 1327; x_wconf 86' lang='lat' dir='ltr'>regulam</span> <span class='ocrx_word' id='word_1_119' title='bbox 615 1286 645 1318; x_wconf 90' lang='lat' dir='ltr'>S.</span> <span class='ocrx_word' id='word_1_120' title='bbox 674 1286 839 1319; x_wconf 83' lang='lat' dir='ltr'>Benedicti</span> <span class='ocrx_word' id='word_1_121' title='bbox 865 1292 896 1318; x_wconf 90' lang='lat' dir='ltr'>et</span> 
     </span>
     <span class='ocr_line' id='line_1_28' title="bbox 162 1336 895 1380; baseline 0.001 -12"><span class='ocrx_word' id='word_1_122' title='bbox 162 1336 411 1369; x_wconf 85' lang='lat' dir='ltr'>constitutiones</span> <span class='ocrx_word' id='word_1_123' title='bbox 430 1336 657 1379; x_wconf 85' lang='lat' dir='ltr'>praeinsertas,</span> <span class='ocrx_word' id='word_1_124' title='bbox 674 1342 785 1369; x_wconf 88' lang='lat' dir='ltr'>tenore</span> <span class='ocrx_word' id='word_1_125' title='bbox 802 1348 895 1380; x_wconf 88' lang='lat' dir='ltr'>prae-</span> 
     </span>
     <span class='ocr_line' id='line_1_29' title="bbox 163 1389 893 1432; baseline 0.001 -11"><span class='ocrx_word' id='word_1_126' title='bbox 163 1389 322 1429; x_wconf 87' lang='lat' dir='ltr'>sentium,</span> <span class='ocrx_word' id='word_1_127' title='bbox 349 1389 573 1421; x_wconf 79' lang='lat' dir='ltr'>confirmamus</span> <span class='ocrx_word' id='word_1_128' title='bbox 600 1394 631 1421; x_wconf 90' lang='lat' dir='ltr'>et</span> <span class='ocrx_word' id='word_1_129' title='bbox 654 1390 871 1432; x_wconf 75' lang='lat' dir='ltr'>approbamus</span> <span class='ocrx_word' id='word_1_130' title='bbox 886 1417 893 1430; x_wconf 92' lang='lat'>‚</span> 
     </span>
     <span class='ocr_line' id='line_1_30' title="bbox 162 1441 894 1484; baseline 0.001 -11"><span class='ocrx_word' id='word_1_131' title='bbox 162 1441 291 1484; x_wconf 91' lang='lat' dir='ltr'>illisque</span> <span class='ocrx_word' id='word_1_132' title='bbox 322 1441 520 1474; x_wconf 89' lang='lat' dir='ltr'>inviolabilis</span> <span class='ocrx_word' id='word_1_133' title='bbox 545 1447 577 1474; x_wconf 91' lang='lat' dir='ltr'>et</span> <span class='ocrx_word' id='word_1_134' title='bbox 600 1442 832 1484; x_wconf 82' lang='lat' dir='ltr'>irrefragabilis</span> <span class='ocrx_word' id='word_1_135' title='bbox 863 1453 894 1474; x_wconf 93' lang='lat' dir='ltr'>a-</span> 
     </span>
     <span class='ocr_line' id='line_1_31' title="bbox 161 1493 895 1535; baseline 0 -9"><span class='ocrx_word' id='word_1_136' title='bbox 161 1493 338 1535; x_wconf 87' lang='lat' dir='ltr'>postolicae</span> <span class='ocrx_word' id='word_1_137' title='bbox 361 1493 521 1526; x_wconf 87' lang='lat' dir='ltr'>firmitatis</span> <span class='ocrx_word' id='word_1_138' title='bbox 548 1495 621 1533; x_wconf 90' lang='lat' dir='ltr'>vim,</span> <span class='ocrx_word' id='word_1_139' title='bbox 647 1495 749 1527; x_wconf 87' lang='lat' dir='ltr'>robur</span> <span class='ocrx_word' id='word_1_140' title='bbox 771 1501 803 1528; x_wconf 89' lang='lat' dir='ltr'>et</span> <span class='ocrx_word' id='word_1_141' title='bbox 827 1495 895 1527; x_wconf 85' lang='lat' dir='ltr'>esti-</span> 
     </span>
     <span class='ocr_line' id='line_1_32' title="bbox 161 1545 894 1590; baseline 0.003 -12"><span class='ocrx_word' id='word_1_142' title='bbox 161 1545 282 1578; x_wconf 85' lang='lat' dir='ltr'>caciam</span> <span class='ocrx_word' id='word_1_143' title='bbox 306 1546 530 1588; x_wconf 83' lang='lat' dir='ltr'>adiungimus,</span> <span class='ocrx_word' id='word_1_144' title='bbox 556 1557 592 1579; x_wconf 88' lang='lat' dir='ltr'>ac</span> <span class='ocrx_word' id='word_1_145' title='bbox 617 1558 728 1580; x_wconf 88' lang='lat' dir='ltr'>omnes</span> <span class='ocrx_word' id='word_1_146' title='bbox 749 1548 894 1590; x_wconf 76' lang='lat' dir='ltr'>singulos</span> 
     </span>
     <span class='ocr_line' id='line_1_33' title="bbox 161 1597 893 1640; baseline 0.003 -11"><span class='ocrx_word' id='word_1_147' title='bbox 161 1601 225 1629; x_wconf 86' lang='lat' dir='ltr'>tam</span> <span class='ocrx_word' id='word_1_148' title='bbox 248 1597 326 1630; x_wconf 88' lang='lat' dir='ltr'>iuris</span> <span class='ocrx_word' id='word_1_149' title='bbox 362 1609 458 1640; x_wconf 85' lang='lat' dir='ltr'>quam</span> <span class='ocrx_word' id='word_1_150' title='bbox 490 1598 564 1630; x_wconf 81' lang='lat' dir='ltr'>sacti</span> <span class='ocrx_word' id='word_1_151' title='bbox 589 1604 620 1631; x_wconf 90' lang='lat' dir='ltr'>et</span> <span class='ocrx_word' id='word_1_152' title='bbox 654 1599 893 1632; x_wconf 77' lang='lat' dir='ltr'>solemnitatum</span> 
     </span>
     <span class='ocr_line' id='line_1_34' title="bbox 162 1650 893 1692; baseline 0.003 -11"><span class='ocrx_word' id='word_1_153' title='bbox 162 1660 435 1692; x_wconf 87' lang='lat' dir='ltr'>quarumcumque</span> <span class='ocrx_word' id='word_1_154' title='bbox 468 1650 501 1682; x_wconf 90' lang='lat' dir='ltr'>in</span> <span class='ocrx_word' id='word_1_155' title='bbox 531 1651 690 1683; x_wconf 83' lang='lat' dir='ltr'>similibus</span> <span class='ocrx_word' id='word_1_156' title='bbox 727 1652 822 1683; x_wconf 88' lang='lat' dir='ltr'>etiam</span> <span class='ocrx_word' id='word_1_157' title='bbox 856 1652 893 1683; x_wconf 86' lang='lat' dir='ltr'>de</span> 
     </span>
     <span class='ocr_line' id='line_1_35' title="bbox 161 1701 895 1746; baseline 0.004 -13"><span class='ocrx_word' id='word_1_158' title='bbox 161 1701 353 1734; x_wconf 89' lang='lat' dir='ltr'>necessitate</span> <span class='ocrx_word' id='word_1_159' title='bbox 367 1703 650 1742; x_wconf 84' lang='lat' dir='ltr'>observandarum,</span> <span class='ocrx_word' id='word_1_160' title='bbox 665 1709 696 1735; x_wconf 91' lang='lat' dir='ltr'>et</span> <span class='ocrx_word' id='word_1_161' title='bbox 710 1704 788 1736; x_wconf 89' lang='lat' dir='ltr'>alios</span> <span class='ocrx_word' id='word_1_162' title='bbox 800 1714 895 1746; x_wconf 87' lang='lat' dir='ltr'>quos-</span> 
     </span>
     <span class='ocr_line' id='line_1_36' title="bbox 160 1754 895 1796; baseline 0.001 -10"><span class='ocrx_word' id='word_1_163' title='bbox 160 1754 248 1794; x_wconf 86' lang='lat' dir='ltr'>lihet,</span> <span class='ocrx_word' id='word_1_164' title='bbox 270 1754 366 1786; x_wconf 86' lang='lat' dir='ltr'>etiam</span> <span class='ocrx_word' id='word_1_165' title='bbox 384 1755 586 1796; x_wconf 87' lang='lat' dir='ltr'>quantumvis</span> <span class='ocrx_word' id='word_1_166' title='bbox 603 1756 754 1788; x_wconf 73' lang='lat' dir='ltr'>formales</span> <span class='ocrx_word' id='word_1_167' title='bbox 772 1761 803 1788; x_wconf 87' lang='lat' dir='ltr'>et</span> <span class='ocrx_word' id='word_1_168' title='bbox 820 1757 895 1787; x_wconf 85' lang='lat' dir='ltr'>sub-</span> 
     </span>
     <span class='ocr_line' id='line_1_37' title="bbox 160 1806 896 1846; baseline 0.001 -8"><span class='ocrx_word' id='word_1_169' title='bbox 160 1806 326 1839; x_wconf 88' lang='lat' dir='ltr'>stantiales</span> <span class='ocrx_word' id='word_1_170' title='bbox 351 1806 503 1846; x_wconf 78' lang='lat' dir='ltr'>desectus,</span> <span class='ocrx_word' id='word_1_171' title='bbox 529 1807 653 1840; x_wconf 84' lang='lat' dir='ltr'>etiamsi</span> <span class='ocrx_word' id='word_1_172' title='bbox 675 1809 752 1840; x_wconf 84' lang='lat' dir='ltr'>tales</span> <span class='ocrx_word' id='word_1_173' title='bbox 770 1807 843 1846; x_wconf 88' lang='lat' dir='ltr'>sint,</span> <span class='ocrx_word' id='word_1_174' title='bbox 861 1813 896 1839; x_wconf 90' lang='lat' dir='ltr'>ut</span> 
     </span>
     <span class='ocr_line' id='line_1_38' title="bbox 161 1858 895 1901; baseline 0.001 -11"><span class='ocrx_word' id='word_1_175' title='bbox 161 1858 290 1891; x_wconf 90' lang='lat' dir='ltr'>nonnisi</span> <span class='ocrx_word' id='word_1_176' title='bbox 314 1858 396 1891; x_wconf 79' lang='lat' dir='ltr'>sacta</span> <span class='ocrx_word' id='word_1_177' title='bbox 420 1859 458 1891; x_wconf 90' lang='lat' dir='ltr'>de</span> <span class='ocrx_word' id='word_1_178' title='bbox 485 1859 531 1891; x_wconf 90' lang='lat' dir='ltr'>eis</span> <span class='ocrx_word' id='word_1_179' title='bbox 556 1859 704 1901; x_wconf 73' lang='lat' dir='ltr'>specifica</span> <span class='ocrx_word' id='word_1_180' title='bbox 729 1865 760 1892; x_wconf 92' lang='lat' dir='ltr'>et</span> <span class='ocrx_word' id='word_1_181' title='bbox 783 1859 895 1892; x_wconf 81' lang='lat' dir='ltr'>indivi-</span> 
     </span>
     <span class='ocr_line' id='line_1_39' title="bbox 161 1911 893 1954; baseline 0 -11"><span class='ocrx_word' id='word_1_182' title='bbox 161 1911 223 1943; x_wconf 78' lang='lat' dir='ltr'>dua</span> <span class='ocrx_word' id='word_1_183' title='bbox 247 1911 413 1943; x_wconf 89' lang='lat' dir='ltr'>mentione</span> <span class='ocrx_word' id='word_1_184' title='bbox 439 1912 544 1943; x_wconf 85' lang='lat' dir='ltr'>sanari</span> <span class='ocrx_word' id='word_1_185' title='bbox 570 1912 705 1954; x_wconf 85' lang='lat' dir='ltr'>possint,</span> <span class='ocrx_word' id='word_1_186' title='bbox 731 1912 756 1944; x_wconf 83' lang='lat' dir='ltr'>si</span> <span class='ocrx_word' id='word_1_187' title='bbox 782 1912 836 1954; x_wconf 91' lang='lat' dir='ltr'>qui</span> <span class='ocrx_word' id='word_1_188' title='bbox 861 1912 893 1943; x_wconf 90' lang='lat' dir='ltr'>in</span> 
     </span>
     <span class='ocr_line' id='line_1_40' title="bbox 160 1963 894 2006; baseline 0.003 -11"><span class='ocrx_word' id='word_1_189' title='bbox 160 1963 348 2006; x_wconf 84' lang='lat' dir='ltr'>praemissis</span> <span class='ocrx_word' id='word_1_190' title='bbox 378 1964 604 2006; x_wconf 84' lang='lat' dir='ltr'>principaliter</span> <span class='ocrx_word' id='word_1_191' title='bbox 632 1966 682 1997; x_wconf 90' lang='lat' dir='ltr'>vel</span> <span class='ocrx_word' id='word_1_192' title='bbox 717 1965 894 1997; x_wconf 71' lang='lat' dir='ltr'>accessorie</span> 
     </span>
     <span class='ocr_line' id='line_1_41' title="bbox 161 2015 895 2056; baseline 0.003 -9"><span class='ocrx_word' id='word_1_193' title='bbox 161 2015 393 2048; x_wconf 86' lang='lat' dir='ltr'>intervenerint</span> <span class='ocrx_word' id='word_1_194' title='bbox 418 2026 473 2048; x_wconf 91' lang='lat' dir='ltr'>seu</span> <span class='ocrx_word' id='word_1_195' title='bbox 498 2016 710 2049; x_wconf 85' lang='lat' dir='ltr'>intervenisse</span> <span class='ocrx_word' id='word_1_196' title='bbox 729 2017 800 2056; x_wconf 85' lang='lat' dir='ltr'>diei,</span> <span class='ocrx_word' id='word_1_197' title='bbox 827 2028 895 2049; x_wconf 87' lang='lat' dir='ltr'>cen-</span> 
     </span>
     <span class='ocr_line' id='line_1_42' title="bbox 161 2067 894 2111; baseline 0.001 -11"><span class='ocrx_word' id='word_1_198' title='bbox 161 2067 224 2100; x_wconf 89' lang='lat' dir='ltr'>seri</span> <span class='ocrx_word' id='word_1_199' title='bbox 250 2068 300 2100; x_wconf 91' lang='lat' dir='ltr'>vel</span> <span class='ocrx_word' id='word_1_200' title='bbox 330 2067 501 2110; x_wconf 84' lang='lat' dir='ltr'>praetendi</span> <span class='ocrx_word' id='word_1_201' title='bbox 525 2069 677 2108; x_wconf 86' lang='lat' dir='ltr'>valerent,</span> <span class='ocrx_word' id='word_1_202' title='bbox 707 2069 894 2111; x_wconf 87' lang='lat' dir='ltr'>plenissime</span> 
     </span>
     <span class='ocr_line' id='line_1_43' title="bbox 162 2119 896 2162; baseline 0.003 -11"><span class='ocrx_word' id='word_1_203' title='bbox 162 2124 194 2152; x_wconf 88' lang='lat' dir='ltr'>et</span> <span class='ocrx_word' id='word_1_204' title='bbox 213 2119 412 2162; x_wconf 86' lang='lat' dir='ltr'>amplissime</span> <span class='ocrx_word' id='word_1_205' title='bbox 432 2121 619 2162; x_wconf 87' lang='lat' dir='ltr'>supplemus</span> <span class='ocrx_word' id='word_1_206' title='bbox 637 2126 668 2152; x_wconf 91' lang='lat' dir='ltr'>et</span> <span class='ocrx_word' id='word_1_207' title='bbox 684 2132 842 2160; x_wconf 85' lang='lat' dir='ltr'>sanamus,</span> <span class='ocrx_word' id='word_1_208' title='bbox 860 2132 896 2154; x_wconf 87' lang='lat' dir='ltr'>ac</span> 
     </span>
     <span class='ocr_line' id='line_1_44' title="bbox 162 2171 894 2214; baseline 0.003 -11"><span class='ocrx_word' id='word_1_209' title='bbox 162 2171 292 2214; x_wconf 87' lang='lat' dir='ltr'>penitus</span> <span class='ocrx_word' id='word_1_210' title='bbox 309 2176 341 2203; x_wconf 91' lang='lat' dir='ltr'>et</span> <span class='ocrx_word' id='word_1_211' title='bbox 357 2171 489 2203; x_wconf 90' lang='lat' dir='ltr'>omnino</span> <span class='ocrx_word' id='word_1_212' title='bbox 507 2172 649 2203; x_wconf 88' lang='lat' dir='ltr'>tollimus</span> <span class='ocrx_word' id='word_1_213' title='bbox 666 2178 697 2204; x_wconf 89' lang='lat' dir='ltr'>et</span> <span class='ocrx_word' id='word_1_214' title='bbox 713 2173 894 2205; x_wconf 84' lang='lat' dir='ltr'>abolemus.</span> 
     </span>
     <span class='ocr_line' id='line_1_45' title="bbox 206 2222 897 2267; baseline 0.003 -11"><span class='ocrx_word' id='word_1_215' title='bbox 206 2224 221 2266; x_wconf 65' lang='grc'>5</span> <span class='ocrx_word' id='word_1_216' title='bbox 245 2222 276 2256; x_wconf 84' lang='grc'>3.</span> <span class='ocrx_word' id='word_1_217' title='bbox 304 2223 520 2255; x_wconf 85' lang='lat' dir='ltr'>Decernentes</span> <span class='ocrx_word' id='word_1_218' title='bbox 556 2224 683 2256; x_wconf 87' lang='lat' dir='ltr'>easdem</span> <span class='ocrx_word' id='word_1_219' title='bbox 709 2231 897 2267; x_wconf 81' lang='lat' dir='ltr'>praesentes</span> 
     </span>
     <span class='ocr_line' id='line_1_46' title="bbox 163 2275 898 2310; baseline 0.001 -2"><span class='ocrx_word' id='word_1_220' title='bbox 163 2275 285 2308; x_wconf 85' lang='lat' dir='ltr'>litteras</span> <span class='ocrx_word' id='word_1_221' title='bbox 310 2285 347 2307; x_wconf 88' lang='lat' dir='ltr'>ac</span> <span class='ocrx_word' id='word_1_222' title='bbox 372 2275 606 2308; x_wconf 82' lang='lat' dir='ltr'>declarationes</span> <span class='ocrx_word' id='word_1_223' title='bbox 638 2281 671 2308; x_wconf 90' lang='lat' dir='ltr'>et</span> <span class='ocrx_word' id='word_1_224' title='bbox 693 2277 898 2310; x_wconf 85' lang='lat' dir='ltr'>constitutio-</span> 
     </span>
     <span class='ocr_line' id='line_1_47' title="bbox 163 2327 898 2372; baseline 0.004 -13"><span class='ocrx_word' id='word_1_225' title='bbox 163 2338 222 2360; x_wconf 90' lang='lat' dir='ltr'>nes</span> <span class='ocrx_word' id='word_1_226' title='bbox 235 2327 464 2370; x_wconf 86' lang='lat' dir='ltr'>praeinsertas‚</span> <span class='ocrx_word' id='word_1_227' title='bbox 480 2333 511 2359; x_wconf 89' lang='lat' dir='ltr'>et</span> <span class='ocrx_word' id='word_1_228' title='bbox 523 2328 554 2359; x_wconf 94' lang='lat' dir='ltr'>in</span> <span class='ocrx_word' id='word_1_229' title='bbox 573 2327 618 2360; x_wconf 83' lang='lat' dir='ltr'>eis</span> <span class='ocrx_word' id='word_1_230' title='bbox 635 2334 785 2361; x_wconf 86' lang='lat' dir='ltr'>contenta</span> <span class='ocrx_word' id='word_1_231' title='bbox 802 2341 898 2372; x_wconf 92' lang='lat' dir='ltr'>quae-</span> 
     </span>
     <span class='ocr_line' id='line_1_48' title="bbox 164 2381 897 2423; baseline 0.004 -11"><span class='ocrx_word' id='word_1_232' title='bbox 164 2390 324 2423; x_wconf 89' lang='lat' dir='ltr'>cumque,</span> <span class='ocrx_word' id='word_1_233' title='bbox 351 2381 446 2413; x_wconf 86' lang='lat' dir='ltr'>etiam</span> <span class='ocrx_word' id='word_1_234' title='bbox 467 2390 503 2412; x_wconf 76' lang='lat' dir='ltr'>ex</span> <span class='ocrx_word' id='word_1_235' title='bbox 529 2391 567 2413; x_wconf 90' lang='lat' dir='ltr'>eo</span> <span class='ocrx_word' id='word_1_236' title='bbox 593 2382 679 2423; x_wconf 89' lang='lat' dir='ltr'>quod</span> <span class='ocrx_word' id='word_1_237' title='bbox 704 2382 812 2414; x_wconf 87' lang='lat' dir='ltr'>dilecti</span> <span class='ocrx_word' id='word_1_238' title='bbox 841 2383 897 2416; x_wconf 82' lang='lat' dir='ltr'>filii</span> 
     </span>
     <span class='ocr_line' id='line_1_49' title="bbox 165 2432 898 2477; baseline 0.004 -13"><span class='ocrx_word' id='word_1_239' title='bbox 165 2432 352 2475; x_wconf 87' lang='lat' dir='ltr'>superiores</span> <span class='ocrx_word' id='word_1_240' title='bbox 385 2438 416 2465; x_wconf 90' lang='lat' dir='ltr'>et</span> <span class='ocrx_word' id='word_1_241' title='bbox 449 2433 598 2466; x_wconf 89' lang='lat' dir='ltr'>monachi</span> <span class='ocrx_word' id='word_1_242' title='bbox 628 2433 732 2467; x_wconf 86' lang='lat' dir='ltr'>dictae</span> <span class='ocrx_word' id='word_1_243' title='bbox 760 2434 898 2477; x_wconf 80' lang='lat' dir='ltr'>Congre-</span> 
     </span>
     <span class='ocr_line' id='line_1_50' title="bbox 165 2483 897 2528; baseline 0.003 -12"><span class='ocrx_word' id='word_1_244' title='bbox 165 2484 304 2526; x_wconf 82' lang='lat' dir='ltr'>gationis</span> <span class='ocrx_word' id='word_1_245' title='bbox 328 2483 544 2523; x_wconf 86' lang='lat' dir='ltr'>Cassinensis,</span> <span class='ocrx_word' id='word_1_246' title='bbox 581 2485 674 2518; x_wconf 88' lang='lat' dir='ltr'>aliive</span> <span class='ocrx_word' id='word_1_247' title='bbox 706 2485 842 2528; x_wconf 89' lang='lat' dir='ltr'>quilibet</span> <span class='ocrx_word' id='word_1_248' title='bbox 865 2487 897 2519; x_wconf 91' lang='lat' dir='ltr'>in</span> 
     </span>
     <span class='ocr_line' id='line_1_51' title="bbox 165 2536 898 2579; baseline 0.004 -11"><span class='ocrx_word' id='word_1_249' title='bbox 165 2536 350 2579; x_wconf 85' lang='lat' dir='ltr'>praemissis</span> <span class='ocrx_word' id='word_1_250' title='bbox 384 2537 543 2570; x_wconf 87' lang='lat' dir='ltr'>interesse</span> <span class='ocrx_word' id='word_1_251' title='bbox 576 2537 732 2570; x_wconf 88' lang='lat' dir='ltr'>habentes</span> <span class='ocrx_word' id='word_1_252' title='bbox 757 2548 815 2570; x_wconf 88' lang='lat' dir='ltr'>seu</span> <span class='ocrx_word' id='word_1_253' title='bbox 841 2539 898 2571; x_wconf 84' lang='lat' dir='ltr'>ha-</span> 
     </span>
     <span class='ocr_line' id='line_1_52' title="bbox 165 2588 898 2633; baseline 0.005 -13"><span class='ocrx_word' id='word_1_254' title='bbox 165 2588 242 2621; x_wconf 88' lang='lat' dir='ltr'>bere</span> <span class='ocrx_word' id='word_1_255' title='bbox 267 2589 512 2629; x_wconf 79' lang='lat' dir='ltr'>quomodolibet</span> <span class='ocrx_word' id='word_1_256' title='bbox 542 2590 808 2633; x_wconf 86' lang='lat' dir='ltr'>praetendentes,</span> <span class='ocrx_word' id='word_1_257' title='bbox 834 2591 898 2624; x_wconf 89' lang='lat' dir='ltr'>illis</span> 
     </span>
    </p>
   </div>
   <div class='ocr_carea' id='block_1_7' title="bbox 748 245 1088 270">
    <p class='ocr_par' dir='ltr' id='par_1_7' title="bbox 748 245 1088 270">
     <span class='ocr_line' id='line_1_53' title="bbox 748 245 1088 270; baseline 0 0"><span class='ocrx_word' id='word_1_258' title='bbox 748 245 962 270; x_wconf 84' lang='lat' dir='ltr'>INNOCENTIUS</span> <span class='ocrx_word' id='word_1_259' title='bbox 983 246 1014 269; x_wconf 78' lang='lat' dir='ltr'>XI</span> <span class='ocrx_word' id='word_1_260' title='bbox 1039 246 1088 270; x_wconf 79' lang='lat' dir='ltr'>PP-</span> 
     </span>
    </p>
   </div>
   <div class='ocr_carea' id='block_1_8' title="bbox 940 290 1679 755">
    <p class='ocr_par' dir='ltr' id='par_1_8' title="bbox 940 290 1679 755">
     <span class='ocr_line' id='line_1_54' title="bbox 944 290 1679 332; baseline 0.001 -8"><span class='ocrx_word' id='word_1_261' title='bbox 944 303 1007 324; x_wconf 90' lang='lat' dir='ltr'>non</span> <span class='ocrx_word' id='word_1_262' title='bbox 1033 292 1264 332; x_wconf 85' lang='lat' dir='ltr'>consenserint,</span> <span class='ocrx_word' id='word_1_263' title='bbox 1290 301 1350 324; x_wconf 87' lang='lat' dir='ltr'>nec</span> <span class='ocrx_word' id='word_1_264' title='bbox 1373 290 1412 324; x_wconf 92' lang='lat' dir='ltr'>ad</span> <span class='ocrx_word' id='word_1_265' title='bbox 1437 301 1475 324; x_wconf 88' lang='lat' dir='ltr'>ea</span> <span class='ocrx_word' id='word_1_266' title='bbox 1498 291 1610 331; x_wconf 86' lang='lat' dir='ltr'>vocati,</span> <span class='ocrx_word' id='word_1_267' title='bbox 1637 293 1679 325; x_wconf 91' lang='lat' dir='ltr'>ci-</span> 
     </span>
     <span class='ocr_line' id='line_1_55' title="bbox 945 344 1678 388; baseline 0.003 -12"><span class='ocrx_word' id='word_1_268' title='bbox 945 344 999 376; x_wconf 90' lang='lat' dir='ltr'>tati</span> <span class='ocrx_word' id='word_1_269' title='bbox 1018 349 1050 376; x_wconf 91' lang='lat' dir='ltr'>et</span> <span class='ocrx_word' id='word_1_270' title='bbox 1066 345 1178 385; x_wconf 88' lang='lat' dir='ltr'>auditi,</span> <span class='ocrx_word' id='word_1_271' title='bbox 1193 355 1297 388; x_wconf 91' lang='lat' dir='ltr'>neque</span> <span class='ocrx_word' id='word_1_272' title='bbox 1312 354 1439 384; x_wconf 87' lang='lat' dir='ltr'>causae,</span> <span class='ocrx_word' id='word_1_273' title='bbox 1452 349 1587 387; x_wconf 89' lang='lat' dir='ltr'>propter</span> <span class='ocrx_word' id='word_1_274' title='bbox 1600 356 1678 388; x_wconf 91' lang='lat' dir='ltr'>quas</span> 
     </span>
     <span class='ocr_line' id='line_1_56' title="bbox 942 395 1675 439; baseline 0.003 -11"><span class='ocrx_word' id='word_1_275' title='bbox 942 395 1031 438; x_wconf 86' lang='lat' dir='ltr'>ipsae</span> <span class='ocrx_word' id='word_1_276' title='bbox 1056 402 1245 438; x_wconf 88' lang='lat' dir='ltr'>praesentes</span> <span class='ocrx_word' id='word_1_277' title='bbox 1270 397 1470 438; x_wconf 80' lang='lat' dir='ltr'>emanarint,</span> <span class='ocrx_word' id='word_1_278' title='bbox 1495 397 1675 439; x_wconf 85' lang='lat' dir='ltr'>adductae,</span> 
     </span>
     <span class='ocr_line' id='line_1_57' title="bbox 943 448 1676 490; baseline 0.003 -10"><span class='ocrx_word' id='word_1_279' title='bbox 943 448 1147 490; x_wconf 72' lang='lat' dir='ltr'>specificatae</span> <span class='ocrx_word' id='word_1_280' title='bbox 1164 453 1195 481; x_wconf 90' lang='lat' dir='ltr'>et</span> <span class='ocrx_word' id='word_1_281' title='bbox 1211 449 1400 482; x_wconf 83' lang='lat' dir='ltr'>iustificatae</span> <span class='ocrx_word' id='word_1_282' title='bbox 1418 449 1546 490; x_wconf 86' lang='lat' dir='ltr'>suerint,</span> <span class='ocrx_word' id='word_1_283' title='bbox 1566 455 1620 482; x_wconf 88' lang='lat' dir='ltr'>aut</span> <span class='ocrx_word' id='word_1_284' title='bbox 1639 454 1676 483; x_wconf 74' lang='lat' dir='ltr'>ex·</span> 
     </span>
     <span class='ocr_line' id='line_1_58' title="bbox 942 499 1679 544; baseline 0.008 -14"><span class='ocrx_word' id='word_1_285' title='bbox 942 499 1003 530; x_wconf 79' lang='lat' dir='ltr'>alia</span> <span class='ocrx_word' id='word_1_286' title='bbox 1026 510 1236 544; x_wconf 84' lang='lat' dir='ltr'>quacumque,</span> <span class='ocrx_word' id='word_1_287' title='bbox 1262 501 1358 534; x_wconf 89' lang='lat' dir='ltr'>etiam</span> <span class='ocrx_word' id='word_1_288' title='bbox 1383 502 1585 544; x_wconf 89' lang='lat' dir='ltr'>quantumvis</span> <span class='ocrx_word' id='word_1_289' title='bbox 1602 502 1679 537; x_wconf 87' lang='lat' dir='ltr'>iuri-</span> 
     </span>
     <span class='ocr_line' id='line_1_59' title="bbox 942 551 1674 597; baseline 0.008 -14"><span class='ocrx_word' id='word_1_290' title='bbox 942 551 1023 592; x_wconf 77' lang='lat' dir='ltr'>dica,</span> <span class='ocrx_word' id='word_1_291' title='bbox 1047 553 1202 595; x_wconf 77' lang='lat' dir='ltr'>legitima,</span> <span class='ocrx_word' id='word_1_292' title='bbox 1227 554 1279 596; x_wconf 75' lang='lat' dir='ltr'>pia</span> <span class='ocrx_word' id='word_1_293' title='bbox 1304 554 1554 597; x_wconf 76' lang='lat' dir='ltr'>etprivilegiata</span> <span class='ocrx_word' id='word_1_294' title='bbox 1566 558 1674 597; x_wconf 77' lang='lat' dir='ltr'>causa,</span> 
     </span>
     <span class='ocr_line' id='line_1_60' title="bbox 941 605 1675 650; baseline 0.005 -13"><span class='ocrx_word' id='word_1_295' title='bbox 941 605 1050 638; x_wconf 88' lang='lat' dir='ltr'>colore</span> <span class='ocrx_word' id='word_1_296' title='bbox 1075 610 1107 638; x_wconf 91' lang='lat' dir='ltr'>et</span> <span class='ocrx_word' id='word_1_297' title='bbox 1129 611 1298 648; x_wconf 87' lang='lat' dir='ltr'>praetextu</span> <span class='ocrx_word' id='word_1_298' title='bbox 1323 611 1355 640; x_wconf 87' lang='lat' dir='ltr'>et</span> <span class='ocrx_word' id='word_1_299' title='bbox 1379 607 1496 650; x_wconf 84' lang='lat' dir='ltr'>capite,</span> <span class='ocrx_word' id='word_1_300' title='bbox 1523 609 1618 641; x_wconf 90' lang='lat' dir='ltr'>etiam</span> <span class='ocrx_word' id='word_1_301' title='bbox 1642 609 1675 642; x_wconf 92' lang='lat' dir='ltr'>in</span> 
     </span>
     <span class='ocr_line' id='line_1_61' title="bbox 940 658 1675 700; baseline 0.007 -12"><span class='ocrx_word' id='word_1_302' title='bbox 940 667 1077 699; x_wconf 83' lang='lat' dir='ltr'>corpore</span> <span class='ocrx_word' id='word_1_303' title='bbox 1101 658 1181 690; x_wconf 89' lang='lat' dir='ltr'>iuris</span> <span class='ocrx_word' id='word_1_304' title='bbox 1214 660 1324 691; x_wconf 90' lang='lat' dir='ltr'>clauso</span> <span class='ocrx_word' id='word_1_305' title='bbox 1339 686 1346 700; x_wconf 93' lang='lat'>,</span> <span class='ocrx_word' id='word_1_306' title='bbox 1371 659 1468 692; x_wconf 83' lang='lat' dir='ltr'>etiam</span> <span class='ocrx_word' id='word_1_307' title='bbox 1489 661 1675 694; x_wconf 84' lang='lat' dir='ltr'>enormissi-</span> 
     </span>
     <span class='ocr_line' id='line_1_62' title="bbox 940 710 1676 755; baseline 0.008 -16"><span class='ocrx_word' id='word_1_308' title='bbox 940 719 1010 741; x_wconf 88' lang='lat' dir='ltr'>mae</span> <span class='ocrx_word' id='word_1_309' title='bbox 1036 714 1067 741; x_wconf 88' lang='lat' dir='ltr'>et</span> <span class='ocrx_word' id='word_1_310' title='bbox 1090 710 1196 742; x_wconf 89' lang='lat' dir='ltr'>totalis</span> <span class='ocrx_word' id='word_1_311' title='bbox 1220 710 1385 749; x_wconf 84' lang='lat' dir='ltr'>laesionis,</span> <span class='ocrx_word' id='word_1_312' title='bbox 1412 712 1502 744; x_wconf 92' lang='lat' dir='ltr'>nullo</span> <span class='ocrx_word' id='word_1_313' title='bbox 1533 722 1676 755; x_wconf 89' lang='lat' dir='ltr'>unquam</span> 
     </span>
    </p>
   </div>
   <div class='ocr_carea' id='block_1_9' title="bbox 888 761 1675 807">
    <p class='ocr_par' dir='ltr' id='par_1_9' title="bbox 888 761 1675 807">
     <span class='ocr_line' id='line_1_63' title="bbox 888 761 1675 807; baseline 0.005 -15"><span class='ocrx_word' id='word_1_314' title='bbox 888 784 890 787; x_wconf 86' lang='lat'>.</span> <span class='ocrx_word' id='word_1_315' title='bbox 940 764 1086 803; x_wconf 89' lang='lat' dir='ltr'>tempore</span> <span class='ocrx_word' id='word_1_316' title='bbox 1111 761 1150 794; x_wconf 89' lang='lat' dir='ltr'>de</span> <span class='ocrx_word' id='word_1_317' title='bbox 1168 761 1384 804; x_wconf 87' lang='lat' dir='ltr'>subreptionis</span> <span class='ocrx_word' id='word_1_318' title='bbox 1398 764 1449 795; x_wconf 91' lang='lat' dir='ltr'>vel</span> <span class='ocrx_word' id='word_1_319' title='bbox 1473 764 1675 807; x_wconf 86' lang='lat' dir='ltr'>obreptionis</span> 
     </span>
    </p>
   </div>
   <div class='ocr_carea' id='block_1_10' title="bbox 936 813 1675 2585">
    <p class='ocr_par' dir='ltr' id='par_1_10' title="bbox 936 813 1675 2585">
     <span class='ocr_line' id='line_1_64' title="bbox 940 813 1675 853; baseline 0.008 -10"><span class='ocrx_word' id='word_1_320' title='bbox 940 816 995 843; x_wconf 90' lang='lat' dir='ltr'>aut</span> <span class='ocrx_word' id='word_1_321' title='bbox 1017 813 1175 845; x_wconf 89' lang='lat' dir='ltr'>nullitatis</span> <span class='ocrx_word' id='word_1_322' title='bbox 1197 813 1289 853; x_wconf 89' lang='lat' dir='ltr'>vitio,</span> <span class='ocrx_word' id='word_1_323' title='bbox 1315 824 1373 847; x_wconf 92' lang='lat' dir='ltr'>seu</span> <span class='ocrx_word' id='word_1_324' title='bbox 1396 815 1586 848; x_wconf 90' lang='lat' dir='ltr'>intentionis</span> <span class='ocrx_word' id='word_1_325' title='bbox 1618 827 1675 849; x_wconf 84' lang='lat' dir='ltr'>no-</span> 
     </span>
     <span class='ocr_line' id='line_1_65' title="bbox 939 865 1675 903; baseline 0.005 -7"><span class='ocrx_word' id='word_1_326' title='bbox 939 869 1037 903; x_wconf 88' lang='lat' dir='ltr'>strae,</span> <span class='ocrx_word' id='word_1_327' title='bbox 1061 870 1115 897; x_wconf 88' lang='lat' dir='ltr'>aut</span> <span class='ocrx_word' id='word_1_328' title='bbox 1138 865 1300 899; x_wconf 88' lang='lat' dir='ltr'>interesse</span> <span class='ocrx_word' id='word_1_329' title='bbox 1325 866 1514 899; x_wconf 88' lang='lat' dir='ltr'>habentium</span> <span class='ocrx_word' id='word_1_330' title='bbox 1538 878 1675 900; x_wconf 86' lang='lat' dir='ltr'>consen-</span> 
     </span>
     <span class='ocr_line' id='line_1_66' title="bbox 940 917 1674 961; baseline 0.005 -13"><span class='ocrx_word' id='word_1_331' title='bbox 940 927 1002 956; x_wconf 83' lang='lat' dir='ltr'>sus,</span> <span class='ocrx_word' id='word_1_332' title='bbox 1028 917 1132 950; x_wconf 90' lang='lat' dir='ltr'>aliove</span> <span class='ocrx_word' id='word_1_333' title='bbox 1160 918 1315 960; x_wconf 88' lang='lat' dir='ltr'>quolibet,</span> <span class='ocrx_word' id='word_1_334' title='bbox 1340 919 1436 952; x_wconf 90' lang='lat' dir='ltr'>etiam</span> <span class='ocrx_word' id='word_1_335' title='bbox 1458 920 1674 961; x_wconf 74' lang='lat' dir='ltr'>quamtumvis</span> 
     </span>
     <span class='ocr_line' id='line_1_67' title="bbox 941 970 1673 1016; baseline 0.005 -15"><span class='ocrx_word' id='word_1_336' title='bbox 941 970 1065 1003; x_wconf 83' lang='lat' dir='ltr'>formali</span> <span class='ocrx_word' id='word_1_337' title='bbox 1096 976 1127 1003; x_wconf 89' lang='lat' dir='ltr'>et</span> <span class='ocrx_word' id='word_1_338' title='bbox 1151 973 1380 1013; x_wconf 86' lang='lat' dir='ltr'>substantiali,</span> <span class='ocrx_word' id='word_1_339' title='bbox 1406 972 1673 1016; x_wconf 86' lang='lat' dir='ltr'>individuamque</span> 
     </span>
     <span class='ocr_line' id='line_1_68' title="bbox 939 1023 1674 1068; baseline 0.007 -15"><span class='ocrx_word' id='word_1_340' title='bbox 939 1023 1137 1055; x_wconf 89' lang='lat' dir='ltr'>mentionem</span> <span class='ocrx_word' id='word_1_341' title='bbox 1163 1028 1195 1056; x_wconf 87' lang='lat' dir='ltr'>et</span> <span class='ocrx_word' id='word_1_342' title='bbox 1218 1025 1459 1067; x_wconf 75' lang='lat' dir='ltr'>expressionem</span> <span class='ocrx_word' id='word_1_343' title='bbox 1488 1025 1674 1068; x_wconf 86' lang='lat' dir='ltr'>requirente</span> 
     </span>
     <span class='ocr_line' id='line_1_69' title="bbox 939 1074 1673 1119; baseline 0.005 -13"><span class='ocrx_word' id='word_1_344' title='bbox 939 1074 1067 1106; x_wconf 81' lang='lat' dir='ltr'>defectu</span> <span class='ocrx_word' id='word_1_345' title='bbox 1092 1075 1207 1115; x_wconf 88' lang='lat' dir='ltr'>notari,</span> <span class='ocrx_word' id='word_1_346' title='bbox 1233 1075 1427 1119; x_wconf 81' lang='lat' dir='ltr'>impugnari,</span> <span class='ocrx_word' id='word_1_347' title='bbox 1453 1076 1597 1119; x_wconf 80' lang='lat' dir='ltr'>infringi,</span> <span class='ocrx_word' id='word_1_348' title='bbox 1622 1088 1673 1110; x_wconf 89' lang='lat' dir='ltr'>re-</span> 
     </span>
     <span class='ocr_line' id='line_1_70' title="bbox 940 1127 1672 1167; baseline 0.008 -10"><span class='ocrx_word' id='word_1_349' title='bbox 940 1127 1081 1167; x_wconf 84' lang='lat' dir='ltr'>tractari,</span> <span class='ocrx_word' id='word_1_350' title='bbox 1108 1127 1140 1159; x_wconf 89' lang='lat' dir='ltr'>in</span> <span class='ocrx_word' id='word_1_351' title='bbox 1166 1128 1421 1161; x_wconf 84' lang='lat' dir='ltr'>controversiam</span> <span class='ocrx_word' id='word_1_352' title='bbox 1438 1130 1544 1162; x_wconf 88' lang='lat' dir='ltr'>vocari</span> <span class='ocrx_word' id='word_1_353' title='bbox 1561 1135 1615 1162; x_wconf 87' lang='lat' dir='ltr'>aut</span> <span class='ocrx_word' id='word_1_354' title='bbox 1632 1131 1672 1163; x_wconf 87' lang='lat' dir='ltr'>ad</span> 
     </span>
     <span class='ocr_line' id='line_1_71' title="bbox 940 1179 1672 1220; baseline 0.008 -11"><span class='ocrx_word' id='word_1_355' title='bbox 940 1179 1094 1211; x_wconf 88' lang='lat' dir='ltr'>terminos</span> <span class='ocrx_word' id='word_1_356' title='bbox 1116 1179 1195 1212; x_wconf 89' lang='lat' dir='ltr'>iuris</span> <span class='ocrx_word' id='word_1_357' title='bbox 1214 1181 1336 1220; x_wconf 85' lang='lat' dir='ltr'>reduci,</span> <span class='ocrx_word' id='word_1_358' title='bbox 1355 1192 1411 1213; x_wconf 88' lang='lat' dir='ltr'>seu</span> <span class='ocrx_word' id='word_1_359' title='bbox 1429 1182 1582 1215; x_wconf 86' lang='lat' dir='ltr'>adversus</span> <span class='ocrx_word' id='word_1_360' title='bbox 1600 1183 1672 1215; x_wconf 84' lang='lat' dir='ltr'>illas</span> 
     </span>
     <span class='ocr_line' id='line_1_72' title="bbox 938 1231 1670 1277; baseline 0.008 -16"><span class='ocrx_word' id='word_1_361' title='bbox 938 1231 1024 1272; x_wconf 88' lang='lat' dir='ltr'>aperi</span> <span class='ocrx_word' id='word_1_362' title='bbox 1032 1231 1127 1264; x_wconf 89' lang='lat' dir='ltr'>tionis</span> <span class='ocrx_word' id='word_1_363' title='bbox 1143 1232 1218 1271; x_wconf 90' lang='lat' dir='ltr'>oris,</span> <span class='ocrx_word' id='word_1_364' title='bbox 1228 1233 1441 1266; x_wconf 89' lang='lat' dir='ltr'>restitutionis</span> <span class='ocrx_word' id='word_1_365' title='bbox 1456 1234 1670 1277; x_wconf 79' lang='lat' dir='ltr'>inintegrum,</span> 
     </span>
     <span class='ocr_line' id='line_1_73' title="bbox 937 1283 1673 1329; baseline 0.011 -16"><span class='ocrx_word' id='word_1_366' title='bbox 937 1283 1064 1316; x_wconf 81' lang='lat' dir='ltr'>aliudve</span> <span class='ocrx_word' id='word_1_367' title='bbox 1088 1285 1316 1328; x_wconf 90' lang='lat' dir='ltr'>quodcumque</span> <span class='ocrx_word' id='word_1_368' title='bbox 1340 1286 1417 1318; x_wconf 88' lang='lat' dir='ltr'>iuris</span> <span class='ocrx_word' id='word_1_369' title='bbox 1442 1287 1515 1319; x_wconf 87' lang='lat' dir='ltr'>sacti</span> <span class='ocrx_word' id='word_1_370' title='bbox 1533 1289 1582 1320; x_wconf 91' lang='lat' dir='ltr'>vel</span> <span class='ocrx_word' id='word_1_371' title='bbox 1603 1298 1673 1329; x_wconf 85' lang='lat' dir='ltr'>gra-</span> 
     </span>
     <span class='ocr_line' id='line_1_74' title="bbox 939 1334 1671 1381; baseline 0.008 -16"><span class='ocrx_word' id='word_1_372' title='bbox 939 1334 999 1367; x_wconf 91' lang='lat' dir='ltr'>tiae</span> <span class='ocrx_word' id='word_1_373' title='bbox 1025 1336 1203 1369; x_wconf 87' lang='lat' dir='ltr'>remedium</span> <span class='ocrx_word' id='word_1_374' title='bbox 1235 1338 1387 1370; x_wconf 86' lang='lat' dir='ltr'>intentari</span> <span class='ocrx_word' id='word_1_375' title='bbox 1412 1339 1461 1371; x_wconf 89' lang='lat' dir='ltr'>vel</span> <span class='ocrx_word' id='word_1_376' title='bbox 1485 1339 1671 1381; x_wconf 79' lang='lat' dir='ltr'>impetrari,</span> 
     </span>
     <span class='ocr_line' id='line_1_75' title="bbox 937 1388 1672 1430; baseline 0.007 -11"><span class='ocrx_word' id='word_1_377' title='bbox 937 1392 990 1419; x_wconf 87' lang='lat' dir='ltr'>aut</span> <span class='ocrx_word' id='word_1_378' title='bbox 1014 1388 1198 1430; x_wconf 86' lang='lat' dir='ltr'>impetrato,</span> <span class='ocrx_word' id='word_1_379' title='bbox 1223 1399 1280 1421; x_wconf 87' lang='lat' dir='ltr'>seu</span> <span class='ocrx_word' id='word_1_380' title='bbox 1305 1390 1402 1422; x_wconf 88' lang='lat' dir='ltr'>etiam</span> <span class='ocrx_word' id='word_1_381' title='bbox 1422 1396 1521 1430; x_wconf 91' lang='lat' dir='ltr'>motu,</span> <span class='ocrx_word' id='word_1_382' title='bbox 1538 1391 1672 1424; x_wconf 79' lang='lat' dir='ltr'>scientia</span> 
     </span>
     <span class='ocr_line' id='line_1_76' title="bbox 936 1441 1672 1485; baseline 0.005 -14"><span class='ocrx_word' id='word_1_383' title='bbox 936 1445 967 1472; x_wconf 91' lang='lat' dir='ltr'>et</span> <span class='ocrx_word' id='word_1_384' title='bbox 990 1441 1159 1482; x_wconf 86' lang='lat' dir='ltr'>potestatis</span> <span class='ocrx_word' id='word_1_385' title='bbox 1194 1441 1396 1484; x_wconf 90' lang='lat' dir='ltr'>plenitudine</span> <span class='ocrx_word' id='word_1_386' title='bbox 1431 1443 1563 1485; x_wconf 89' lang='lat' dir='ltr'>paribus</span> <span class='ocrx_word' id='word_1_387' title='bbox 1595 1454 1672 1476; x_wconf 88' lang='lat' dir='ltr'>con-</span> 
     </span>
     <span class='ocr_line' id='line_1_77' title="bbox 936 1495 1671 1538; baseline 0.007 -14"><span class='ocrx_word' id='word_1_388' title='bbox 936 1503 1027 1525; x_wconf 84' lang='lat' dir='ltr'>cesso</span> <span class='ocrx_word' id='word_1_389' title='bbox 1051 1495 1101 1527; x_wconf 91' lang='lat' dir='ltr'>vel</span> <span class='ocrx_word' id='word_1_390' title='bbox 1126 1500 1285 1534; x_wconf 85' lang='lat' dir='ltr'>emanato,</span> <span class='ocrx_word' id='word_1_391' title='bbox 1303 1496 1486 1538; x_wconf 89' lang='lat' dir='ltr'>quempiam</span> <span class='ocrx_word' id='word_1_392' title='bbox 1503 1496 1536 1528; x_wconf 88' lang='lat' dir='ltr'>in</span> <span class='ocrx_word' id='word_1_393' title='bbox 1550 1496 1671 1530; x_wconf 86' lang='lat' dir='ltr'>iudicio</span> 
     </span>
     <span class='ocr_line' id='line_1_78' title="bbox 936 1548 1671 1588; baseline 0.004 -9"><span class='ocrx_word' id='word_1_394' title='bbox 936 1548 984 1579; x_wconf 90' lang='lat' dir='ltr'>vel</span> <span class='ocrx_word' id='word_1_395' title='bbox 1011 1553 1101 1580; x_wconf 79' lang='lat' dir='ltr'>extra</span> <span class='ocrx_word' id='word_1_396' title='bbox 1135 1549 1213 1581; x_wconf 87' lang='lat' dir='ltr'>illud</span> <span class='ocrx_word' id='word_1_397' title='bbox 1239 1549 1299 1588; x_wconf 82' lang='lat' dir='ltr'>uti,</span> <span class='ocrx_word' id='word_1_398' title='bbox 1326 1560 1382 1581; x_wconf 87' lang='lat' dir='ltr'>seu</span> <span class='ocrx_word' id='word_1_399' title='bbox 1407 1560 1441 1581; x_wconf 87' lang='lat' dir='ltr'>se</span> <span class='ocrx_word' id='word_1_400' title='bbox 1470 1549 1578 1582; x_wconf 83' lang='lat' dir='ltr'>iuvare</span> <span class='ocrx_word' id='word_1_401' title='bbox 1603 1551 1671 1582; x_wconf 91' lang='lat' dir='ltr'>ullo</span> 
     </span>
     <span class='ocr_line' id='line_1_79' title="bbox 937 1600 1673 1644; baseline 0.007 -14"><span class='ocrx_word' id='word_1_402' title='bbox 937 1600 1032 1632; x_wconf 89' lang='lat' dir='ltr'>modo</span> <span class='ocrx_word' id='word_1_403' title='bbox 1057 1611 1165 1643; x_wconf 83' lang='lat' dir='ltr'>posse,</span> <span class='ocrx_word' id='word_1_404' title='bbox 1193 1602 1248 1633; x_wconf 86' lang='lat' dir='ltr'>sed</span> <span class='ocrx_word' id='word_1_405' title='bbox 1273 1601 1360 1644; x_wconf 88' lang='lat' dir='ltr'>ipsas</span> <span class='ocrx_word' id='word_1_406' title='bbox 1384 1607 1571 1644; x_wconf 88' lang='lat' dir='ltr'>praesentes</span> <span class='ocrx_word' id='word_1_407' title='bbox 1588 1603 1673 1635; x_wconf 90' lang='lat' dir='ltr'>litte-</span> 
     </span>
     <span class='ocr_line' id='line_1_80' title="bbox 937 1652 1672 1695; baseline 0.004 -12"><span class='ocrx_word' id='word_1_408' title='bbox 937 1662 987 1683; x_wconf 88' lang='lat' dir='ltr'>ras</span> <span class='ocrx_word' id='word_1_409' title='bbox 1013 1663 1140 1695; x_wconf 88' lang='lat' dir='ltr'>semper</span> <span class='ocrx_word' id='word_1_410' title='bbox 1163 1652 1285 1692; x_wconf 83' lang='lat' dir='ltr'>firmas,</span> <span class='ocrx_word' id='word_1_411' title='bbox 1310 1653 1431 1685; x_wconf 87' lang='lat' dir='ltr'>validas</span> <span class='ocrx_word' id='word_1_412' title='bbox 1463 1659 1495 1687; x_wconf 90' lang='lat' dir='ltr'>et</span> <span class='ocrx_word' id='word_1_413' title='bbox 1525 1654 1672 1687; x_wconf 77' lang='lat' dir='ltr'>efficaces</span> 
     </span>
     <span class='ocr_line' id='line_1_81' title="bbox 937 1705 1673 1749; baseline 0.004 -13"><span class='ocrx_word' id='word_1_414' title='bbox 937 1705 1074 1737; x_wconf 80' lang='lat' dir='ltr'>existere</span> <span class='ocrx_word' id='word_1_415' title='bbox 1099 1710 1132 1737; x_wconf 88' lang='lat' dir='ltr'>et</span> <span class='ocrx_word' id='word_1_416' title='bbox 1156 1705 1245 1745; x_wconf 87' lang='lat' dir='ltr'>sore,</span> <span class='ocrx_word' id='word_1_417' title='bbox 1271 1716 1413 1748; x_wconf 87' lang='lat' dir='ltr'>suosque</span> <span class='ocrx_word' id='word_1_418' title='bbox 1445 1707 1608 1749; x_wconf 88' lang='lat' dir='ltr'>plenarios</span> <span class='ocrx_word' id='word_1_419' title='bbox 1640 1711 1673 1739; x_wconf 88' lang='lat' dir='ltr'>et</span> 
     </span>
     <span class='ocr_line' id='line_1_82' title="bbox 936 1757 1672 1799; baseline 0.005 -11"><span class='ocrx_word' id='word_1_420' title='bbox 936 1757 1080 1799; x_wconf 78' lang='lat' dir='ltr'>integros</span> <span class='ocrx_word' id='word_1_421' title='bbox 1102 1758 1232 1790; x_wconf 80' lang='lat' dir='ltr'>ell&#39;ectus</span> <span class='ocrx_word' id='word_1_422' title='bbox 1257 1758 1363 1790; x_wconf 89' lang='lat' dir='ltr'>sortiri</span> <span class='ocrx_word' id='word_1_423' title='bbox 1389 1765 1420 1791; x_wconf 90' lang='lat' dir='ltr'>et</span> <span class='ocrx_word' id='word_1_424' title='bbox 1445 1759 1610 1799; x_wconf 84' lang='lat' dir='ltr'>obtinere,</span> <span class='ocrx_word' id='word_1_425' title='bbox 1637 1770 1672 1792; x_wconf 85' lang='lat' dir='ltr'>ac</span> 
     </span>
     <span class='ocr_line' id='line_1_83' title="bbox 936 1809 1671 1854; baseline 0.005 -15"><span class='ocrx_word' id='word_1_426' title='bbox 936 1809 1011 1847; x_wconf 81' lang='lat' dir='ltr'>illis,</span> <span class='ocrx_word' id='word_1_427' title='bbox 1043 1809 1081 1841; x_wconf 88' lang='lat' dir='ltr'>ad</span> <span class='ocrx_word' id='word_1_428' title='bbox 1111 1820 1193 1852; x_wconf 91' lang='lat' dir='ltr'>quos</span> <span class='ocrx_word' id='word_1_429' title='bbox 1228 1815 1354 1852; x_wconf 84' lang='lat' dir='ltr'>spectat</span> <span class='ocrx_word' id='word_1_430' title='bbox 1378 1816 1410 1842; x_wconf 89' lang='lat' dir='ltr'>et</span> <span class='ocrx_word' id='word_1_431' title='bbox 1434 1821 1492 1853; x_wconf 88' lang='lat' dir='ltr'>pro</span> <span class='ocrx_word' id='word_1_432' title='bbox 1525 1816 1671 1854; x_wconf 88' lang='lat' dir='ltr'>tempore</span> 
     </span>
     <span class='ocr_line' id='line_1_84' title="bbox 936 1861 1673 1904; baseline 0.004 -12"><span class='ocrx_word' id='word_1_433' title='bbox 936 1861 1201 1903; x_wconf 86' lang='lat' dir='ltr'>quandocumque</span> <span class='ocrx_word' id='word_1_434' title='bbox 1225 1862 1391 1904; x_wconf 80' lang='lat' dir='ltr'>spectabit,</span> <span class='ocrx_word' id='word_1_435' title='bbox 1418 1863 1448 1894; x_wconf 92' lang='lat' dir='ltr'>in</span> <span class='ocrx_word' id='word_1_436' title='bbox 1475 1863 1624 1895; x_wconf 86' lang='lat' dir='ltr'>omnibus</span> <span class='ocrx_word' id='word_1_437' title='bbox 1641 1868 1673 1895; x_wconf 88' lang='lat' dir='ltr'>et</span> 
     </span>
     <span class='ocr_line' id='line_1_85' title="bbox 936 1914 1671 1957; baseline 0.004 -13"><span class='ocrx_word' id='word_1_438' title='bbox 936 1924 994 1956; x_wconf 87' lang='lat' dir='ltr'>per</span> <span class='ocrx_word' id='word_1_439' title='bbox 1018 1914 1126 1945; x_wconf 86' lang='lat' dir='ltr'>omnia</span> <span class='ocrx_word' id='word_1_440' title='bbox 1151 1914 1338 1956; x_wconf 87' lang='lat' dir='ltr'>plenissime</span> <span class='ocrx_word' id='word_1_441' title='bbox 1361 1914 1524 1957; x_wconf 79' lang='lat' dir='ltr'>suffragari</span> <span class='ocrx_word' id='word_1_442' title='bbox 1542 1942 1549 1955; x_wconf 85' lang='lat'>,</span> <span class='ocrx_word' id='word_1_443' title='bbox 1577 1921 1609 1947; x_wconf 90' lang='lat' dir='ltr'>et</span> <span class='ocrx_word' id='word_1_444' title='bbox 1632 1916 1671 1947; x_wconf 87' lang='lat' dir='ltr'>ab</span> 
     </span>
     <span class='ocr_line' id='line_1_86' title="bbox 937 1965 1671 2008; baseline 0.005 -12"><span class='ocrx_word' id='word_1_445' title='bbox 937 1965 999 1998; x_wconf 92' lang='lat' dir='ltr'>illis</span> <span class='ocrx_word' id='word_1_446' title='bbox 1032 1967 1211 2008; x_wconf 86' lang='lat' dir='ltr'>respective</span> <span class='ocrx_word' id='word_1_447' title='bbox 1240 1967 1474 2000; x_wconf 84' lang='lat' dir='ltr'>inviolabiliter</span> <span class='ocrx_word' id='word_1_448' title='bbox 1498 1973 1530 2000; x_wconf 88' lang='lat' dir='ltr'>et</span> <span class='ocrx_word' id='word_1_449' title='bbox 1561 1968 1671 2000; x_wconf 82' lang='lat' dir='ltr'>incon-</span> 
     </span>
     <span class='ocr_line' id='line_1_87' title="bbox 938 2019 1672 2062; baseline 0.004 -13"><span class='ocrx_word' id='word_1_450' title='bbox 938 2028 1031 2050; x_wconf 85' lang='lat' dir='ltr'>cusse</span> <span class='ocrx_word' id='word_1_451' title='bbox 1051 2019 1236 2058; x_wconf 83' lang='lat' dir='ltr'>observari,</span> <span class='ocrx_word' id='word_1_452' title='bbox 1256 2020 1365 2062; x_wconf 89' lang='lat' dir='ltr'>sicque</span> <span class='ocrx_word' id='word_1_453' title='bbox 1386 2020 1418 2051; x_wconf 92' lang='lat' dir='ltr'>in</span> <span class='ocrx_word' id='word_1_454' title='bbox 1436 2021 1622 2062; x_wconf 85' lang='lat' dir='ltr'>praemissis</span> <span class='ocrx_word' id='word_1_455' title='bbox 1641 2025 1672 2053; x_wconf 92' lang='lat' dir='ltr'>et</span> 
     </span>
     <span class='ocr_line' id='line_1_88' title="bbox 939 2071 1672 2115; baseline 0.005 -14"><span class='ocrx_word' id='word_1_456' title='bbox 939 2080 1001 2102; x_wconf 88' lang='lat' dir='ltr'>non</span> <span class='ocrx_word' id='word_1_457' title='bbox 1027 2071 1121 2103; x_wconf 88' lang='lat' dir='ltr'>aliter</span> <span class='ocrx_word' id='word_1_458' title='bbox 1145 2071 1280 2110; x_wconf 84' lang='lat' dir='ltr'>censeri,</span> <span class='ocrx_word' id='word_1_459' title='bbox 1306 2077 1403 2115; x_wconf 90' lang='lat' dir='ltr'>atque</span> <span class='ocrx_word' id='word_1_460' title='bbox 1428 2073 1471 2105; x_wconf 88' lang='lat' dir='ltr'>ita</span> <span class='ocrx_word' id='word_1_461' title='bbox 1496 2083 1555 2115; x_wconf 87' lang='lat' dir='ltr'>per</span> <span class='ocrx_word' id='word_1_462' title='bbox 1580 2084 1672 2115; x_wconf 85' lang='lat' dir='ltr'>quos-</span> 
     </span>
     <span class='ocr_line' id='line_1_89' title="bbox 939 2123 1671 2168; baseline 0.005 -15"><span class='ocrx_word' id='word_1_463' title='bbox 939 2133 1075 2165; x_wconf 84' lang='lat' dir='ltr'>cumque</span> <span class='ocrx_word' id='word_1_464' title='bbox 1091 2123 1211 2155; x_wconf 81' lang='lat' dir='ltr'>iudices</span> <span class='ocrx_word' id='word_1_465' title='bbox 1230 2125 1411 2157; x_wconf 86' lang='lat' dir='ltr'>ordinarios</span> <span class='ocrx_word' id='word_1_466' title='bbox 1437 2130 1469 2157; x_wconf 89' lang='lat' dir='ltr'>et</span> <span class='ocrx_word' id='word_1_467' title='bbox 1494 2126 1671 2168; x_wconf 82' lang='lat' dir='ltr'>delegatos,</span> 
     </span>
     <span class='ocr_line' id='line_1_90' title="bbox 940 2174 1673 2218; baseline 0.005 -13"><span class='ocrx_word' id='word_1_468' title='bbox 940 2174 1034 2206; x_wconf 85' lang='lat' dir='ltr'>etiam</span> <span class='ocrx_word' id='word_1_469' title='bbox 1053 2185 1219 2208; x_wconf 85' lang='lat' dir='ltr'>causarum</span> <span class='ocrx_word' id='word_1_470' title='bbox 1237 2176 1345 2218; x_wconf 87' lang='lat' dir='ltr'>palatii</span> <span class='ocrx_word' id='word_1_471' title='bbox 1363 2177 1533 2218; x_wconf 86' lang='lat' dir='ltr'>apostolici</span> <span class='ocrx_word' id='word_1_472' title='bbox 1552 2177 1673 2210; x_wconf 73' lang='lat' dir='ltr'>audito—</span> 
     </span>
     <span class='ocr_line' id='line_1_91' title="bbox 939 2227 1673 2268; baseline 0.005 -10"><span class='ocrx_word' id='word_1_473' title='bbox 939 2237 989 2258; x_wconf 87' lang='lat' dir='ltr'>res</span> <span class='ocrx_word' id='word_1_474' title='bbox 1010 2233 1042 2258; x_wconf 74' lang='lat' dir='ltr'>et</span> <span class='ocrx_word' id='word_1_475' title='bbox 1057 2227 1088 2259; x_wconf 82' lang='lat' dir='ltr'>S.</span> <span class='ocrx_word' id='word_1_476' title='bbox 1109 2227 1144 2260; x_wconf 79' lang='lat' dir='ltr'>R.</span> <span class='ocrx_word' id='word_1_477' title='bbox 1164 2227 1197 2259; x_wconf 88' lang='lat' dir='ltr'>E.</span> <span class='ocrx_word' id='word_1_478' title='bbox 1219 2229 1414 2268; x_wconf 73' lang='lat' dir='ltr'>cardinales,</span> <span class='ocrx_word' id='word_1_479' title='bbox 1440 2229 1537 2261; x_wconf 90' lang='lat' dir='ltr'>etiam</span> <span class='ocrx_word' id='word_1_480' title='bbox 1563 2230 1602 2262; x_wconf 89' lang='lat' dir='ltr'>de</span> <span class='ocrx_word' id='word_1_481' title='bbox 1627 2231 1673 2262; x_wconf 86' lang='lat' dir='ltr'>la-</span> 
     </span>
     <span class='ocr_line' id='line_1_92' title="bbox 939 2279 1672 2321; baseline 0.004 -11"><span class='ocrx_word' id='word_1_482' title='bbox 939 2283 1006 2311; x_wconf 86' lang='lat' dir='ltr'>tere</span> <span class='ocrx_word' id='word_1_483' title='bbox 1021 2279 1142 2321; x_wconf 75' lang='lat' dir='ltr'>legatos</span> <span class='ocrx_word' id='word_1_484' title='bbox 1157 2290 1192 2311; x_wconf 84' lang='lat' dir='ltr'>ac</span> <span class='ocrx_word' id='word_1_485' title='bbox 1206 2280 1407 2321; x_wconf 84' lang='lat' dir='ltr'>Apostolieae</span> <span class='ocrx_word' id='word_1_486' title='bbox 1425 2281 1514 2314; x_wconf 85' lang='lat' dir='ltr'>Sedis</span> <span class='ocrx_word' id='word_1_487' title='bbox 1531 2282 1672 2321; x_wconf 90' lang='lat' dir='ltr'>nuntios,</span> 
     </span>
     <span class='ocr_line' id='line_1_93' title="bbox 940 2332 1675 2377; baseline 0.005 -13"><span class='ocrx_word' id='word_1_488' title='bbox 940 2332 1058 2364; x_wconf 87' lang='lat' dir='ltr'>aiiosve</span> <span class='ocrx_word' id='word_1_489' title='bbox 1084 2333 1256 2375; x_wconf 89' lang='lat' dir='ltr'>quoslibet,</span> <span class='ocrx_word' id='word_1_490' title='bbox 1283 2344 1487 2376; x_wconf 89' lang='lat' dir='ltr'>quacumque</span> <span class='ocrx_word' id='word_1_491' title='bbox 1514 2335 1675 2377; x_wconf 90' lang='lat' dir='ltr'>praeemi-</span> 
     </span>
     <span class='ocr_line' id='line_1_94' title="bbox 940 2385 1675 2428; baseline 0.004 -11"><span class='ocrx_word' id='word_1_492' title='bbox 940 2385 1048 2417; x_wconf 79' lang='lat' dir='ltr'>nentia</span> <span class='ocrx_word' id='word_1_493' title='bbox 1073 2390 1104 2417; x_wconf 93' lang='lat' dir='ltr'>et</span> <span class='ocrx_word' id='word_1_494' title='bbox 1129 2390 1289 2427; x_wconf 84' lang='lat' dir='ltr'>potestate</span> <span class='ocrx_word' id='word_1_495' title='bbox 1308 2386 1480 2428; x_wconf 80' lang='lat' dir='ltr'>fungentes</span> <span class='ocrx_word' id='word_1_496' title='bbox 1501 2391 1533 2419; x_wconf 87' lang='lat' dir='ltr'>et</span> <span class='ocrx_word' id='word_1_497' title='bbox 1550 2388 1675 2420; x_wconf 83' lang='lat' dir='ltr'>functu-</span> 
     </span>
     <span class='ocr_line' id='line_1_95' title="bbox 940 2436 1673 2482; baseline 0.007 -15"><span class='ocrx_word' id='word_1_498' title='bbox 940 2447 1005 2475; x_wconf 90' lang='lat' dir='ltr'>ros,</span> <span class='ocrx_word' id='word_1_499' title='bbox 1022 2436 1146 2468; x_wconf 79' lang='lat' dir='ltr'>sublata</span> <span class='ocrx_word' id='word_1_500' title='bbox 1163 2436 1208 2468; x_wconf 90' lang='lat' dir='ltr'>eis</span> <span class='ocrx_word' id='word_1_501' title='bbox 1227 2442 1258 2469; x_wconf 90' lang='lat' dir='ltr'>et</span> <span class='ocrx_word' id='word_1_502' title='bbox 1275 2447 1385 2469; x_wconf 89' lang='lat' dir='ltr'>eorum</span> <span class='ocrx_word' id='word_1_503' title='bbox 1400 2438 1544 2480; x_wconf 87' lang='lat' dir='ltr'>quilibet,</span> <span class='ocrx_word' id='word_1_504' title='bbox 1563 2440 1673 2482; x_wconf 87' lang='lat' dir='ltr'>quavis</span> 
     </span>
     <span class='ocr_line' id='line_1_96' title="bbox 940 2488 1674 2532; baseline 0.004 -11"><span class='ocrx_word' id='word_1_505' title='bbox 940 2489 1032 2521; x_wconf 88' lang='lat' dir='ltr'>aliter</span> <span class='ocrx_word' id='word_1_506' title='bbox 1051 2488 1214 2521; x_wconf 84' lang='lat' dir='ltr'>iudicandi</span> <span class='ocrx_word' id='word_1_507' title='bbox 1231 2495 1262 2521; x_wconf 87' lang='lat' dir='ltr'>et</span> <span class='ocrx_word' id='word_1_508' title='bbox 1274 2490 1509 2532; x_wconf 89' lang='lat' dir='ltr'>interpretandi</span> <span class='ocrx_word' id='word_1_509' title='bbox 1525 2491 1674 2525; x_wconf 79' lang='lat' dir='ltr'>facultate</span> 
     </span>
     <span class='ocr_line' id='line_1_97' title="bbox 940 2541 1673 2585; baseline 0.005 -12"><span class='ocrx_word' id='word_1_510' title='bbox 940 2547 971 2573; x_wconf 90' lang='lat' dir='ltr'>et</span> <span class='ocrx_word' id='word_1_511' title='bbox 985 2541 1185 2581; x_wconf 86' lang='lat' dir='ltr'>auctoritate,</span> <span class='ocrx_word' id='word_1_512' title='bbox 1204 2541 1338 2574; x_wconf 86' lang='lat' dir='ltr'>iudicari</span> <span class='ocrx_word' id='word_1_513' title='bbox 1353 2547 1384 2574; x_wconf 86' lang='lat' dir='ltr'>et</span> <span class='ocrx_word' id='word_1_514' title='bbox 1397 2542 1523 2575; x_wconf 81' lang='lat' dir='ltr'>definiri</span> <span class='ocrx_word' id='word_1_515' title='bbox 1539 2544 1673 2585; x_wconf 86' lang='lat' dir='ltr'>debere;</span> 
     </span>
    </p>
   </div>
   <div class='ocr_carea' id='block_1_11' title="bbox 917 2592 1673 2638">
    <p class='ocr_par' dir='ltr' id='par_1_11' title="bbox 917 2592 1673 2638">
     <span class='ocr_line' id='line_1_98' title="bbox 917 2592 1673 2638; baseline 0.007 -15"><span class='ocrx_word' id='word_1_516' title='bbox 917 2622 920 2632; x_wconf 83' lang='lat'>‚</span> <span class='ocrx_word' id='word_1_517' title='bbox 940 2603 976 2624; x_wconf 88' lang='lat' dir='ltr'>ac</span> <span class='ocrx_word' id='word_1_518' title='bbox 1006 2592 1132 2625; x_wconf 89' lang='lat' dir='ltr'>irritum</span> <span class='ocrx_word' id='word_1_519' title='bbox 1154 2597 1185 2625; x_wconf 92' lang='lat' dir='ltr'>et</span> <span class='ocrx_word' id='word_1_520' title='bbox 1207 2592 1303 2627; x_wconf 79' lang='lat' dir='ltr'>inane</span> <span class='ocrx_word' id='word_1_521' title='bbox 1332 2593 1357 2626; x_wconf 92' lang='lat' dir='ltr'>si</span> <span class='ocrx_word' id='word_1_522' title='bbox 1382 2603 1472 2627; x_wconf 83' lang='lat' dir='ltr'>secus</span> <span class='ocrx_word' id='word_1_523' title='bbox 1498 2604 1598 2638; x_wconf 87' lang='lat' dir='ltr'>super</span> <span class='ocrx_word' id='word_1_524' title='bbox 1622 2595 1673 2628; x_wconf 88' lang='lat' dir='ltr'>his</span> 
     </span>
    </p>
   </div>
   <div class='ocr_carea' id='block_1_12' title="bbox 1572 213 1873 272">
    <p class='ocr_par' dir='ltr' id='par_1_12' title="bbox 1572 213 1873 272">
     <span class='ocr_line' id='line_1_99' title="bbox 1572 213 1873 272; baseline 0.013 -5"><span class='ocrx_word' id='word_1_525' title='bbox 1572 232 1638 268; x_wconf 78' lang='grc'>383</span> <span class='ocrx_word' id='word_1_526' title='bbox 1681 213 1734 271; x_wconf 50' lang='lat' dir='ltr'>nn.</span> <span class='ocrx_word' id='word_1_527' title='bbox 1751 242 1778 272; x_wconf 92' lang='lat' dir='ltr'>C.</span> <span class='ocrx_word' id='word_1_528' title='bbox 1801 242 1873 271; x_wconf 60' lang='lat'>&lt;6⁸80</span> 
     </span>
    </p>
   </div>
  </div>
 </body>
</html>
