2111 3157
23 189 71 216 An.
87 186 116 214 c.
138 184 207 221 ¹086

787 181 999 208 mnocnmms
1020 182 1050 206 XI
1076 183 1122 206 1³1⁸.

212 232 274 265 vim
299 237 330 266 et
355 232 502 265 effectum
523 232 643 266 habere
669 236 701 265 et
721 231 883 271 obtinere,
909 241 944 263 ac

211 285 299 318 Livio
339 284 429 325 duci,
474 285 607 328 aliisque
648 285 758 317 suturis
798 283 945 328 patronis

211 338 385 382 praedictis
410 343 442 371 et
463 349 575 371 eorum
592 338 726 371 cuilibet
745 337 777 370 in
794 337 945 370 omnibus

213 397 246 424 et
268 398 326 434 p'er
350 391 459 424 omnia
482 391 602 434 absque
633 391 697 423 ulla
721 400 854 434 prorsus
885 390 945 422 dis-

212 443 348 476 serentia
373 443 537 485 suffragari
565 443 700 483 debere;
727 453 764 475 ac
798 442 844 474 uti
881 443 944 475 tale

212 496 272 529 sub
297 507 498 539 quacumque
516 496 740 538 derogatione,
761 495 856 528 etiam
874 506 943 527 cum

212 549 377 592 quibusvis
401 548 703 591 praegnantissimis
737 553 768 580 et
793 548 945 580 efficacis-

211 601 299 634 simis
323 601 441 640 verhis,
466 601 627 641 clausulis,
662 611 699 633 ac
734 600 943 639 irritantibus,

211 653 347 697 aliisque
374 653 560 686 fortioribus
585 653 733 692 decretis,
758 652 854 685 etiam
875 663 944 685 cum

211 706 354 739 clausula
377 716 516 749 quorum
538 710 668 745 tenores,
693 705 726 737 in
745 715 944 749 quacumque

211 758 432 802 dispositione,
466 758 562 791 etiam
588 769 645 801 per
679 758 760 791 viam
798 758 878 801 legis
914 764 946 790 et

211 810 455 844 constitutionis
479 811 651 853 generalis,
674 821 709 844 ac
726 812 855 854 regulae
874 821 946 843 can-

210 863 358 898 cellariae
383 864 590 908 apostolicae‚
611 864 706 897 etiam
724 869 820 905 motu,
842 865 947 898 scien-

210 916 256 950 tia
280 922 312 950 et
335 917 504 961 potestatis
528 917 731 960 plenitudine
748 918 893 961 paribus,
911 928 946 949 ac

212 970 489 1011 consistorialiter,
516 976 548 1003 et
571 970 649 1003 alias
686 971 942 1014 quomodolibet,

212 1028 276 1056 tam
300 1033 360 1067 per
391 1033 463 1063 nos,
499 1033 594 1066 quam
628 1033 687 1066 per
722 1034 944 1066 quoscumque

211 1075 374 1109 Romanos
395 1075 567 1109 Pontifices
585 1086 788 1109 successores
806 1081 944 1116 nostros,

212 1128 309 1162 etiam
332 1129 365 1162 in
385 1129 561 1162 crastinum
585 1129 815 1172 cuiuscumque
833 1139 944 1162 eorum
961 1139 964 1169 g

212 1182 441 1226 assumptionis
465 1182 505 1215 ad
529 1181 644 1215 summi
662 1183 862 1226 apostolatus
879 1182 946 1226 api-

212 1245 290 1276 cem,
316 1246 375 1279 pro
408 1240 554 1279 tempore
593 1236 687 1276 sacta,
725 1238 877 1269 concessa
916 1241 947 1268 et

213 1291 368 1329 emanata,
379 1289 563 1323 nullatenus
582 1290 831 1333 comprehendi;
850 1301 885 1322 ac
898 1289 945 1323 illi

212 1343 302 1376 nullo
327 1353 471 1386 unquam
506 1347 663 1386 tempore,
689 1343 785 1376 etiam
820 1343 945 1376 ratione

213 1395 351 1428 cuiusvis
386 1395 450 1429 litis
490 1397 674 1439 pendentis,
699 1396 749 1430 vel
773 1396 837 1429 alio
862 1407 943 1439 quo-

213 1458 350 1492 cumque
374 1454 556 1492 praetextu,
580 1459 617 1482 ac
642 1459 679 1482 ex
704 1450 815 1492 quavis
840 1451 946 1490 causa,

213 1501 418 1545 quantumvis
442 1501 569 1544 urgenti
606 1507 637 1534 et
661 1502 816 1544 legitima,
850 1503 945 1535 etiam

212 1565 272 1598 per
296 1566 365 1595 nos,
384 1555 433 1588 vel
451 1555 610 1589 Romanos
628 1555 800 1589 Pontifices
824 1567 948 1590 succes-

212 1617 302 1640 sores
327 1614 453 1641 nostros
476 1619 537 1652 pro
562 1614 726 1651 tempore,
753 1609 946 1653 exemptos¹,

213 1670 250 1693 ac
273 1660 388 1694 Sedem
413 1661 642 1705 Apostolicam,
668 1668 722 1694 aut
738 1662 824 1695 illius
850 1663 946 1695 etiam

214 1713 253 1746 de
277 1714 376 1747 latere
401 1715 532 1757 legatos,
559 1715 654 1748 etiam
678 1721 779 1756 motu,
813 1716 948 1748 scientia

213 1772 246 1800 et
268 1768 436 1810 potestatis
461 1768 663 1810 plenitudine
689 1769 859 1809 similibus,
890 1780 946 1802 seu

213 1819 354 1853 cuiusvis
379 1820 496 1853 intuitu
522 1822 571 1854 vel
589 1822 872 1865 contemplatione,
892 1831 949 1865 per

215 1883 437 1917 quascumque
461 1875 583 1908 litteras
615 1876 819 1918 apostolicaS,
852 1877 948 1909 etiam

214 1925 249 1959 in
273 1926 369 1960 simili
394 1927 496 1960 forma
521 1928 639 1969 Brevis,
659 1929 753 1961 etiam
780 1940 949 1972 quascum-

216 1990 279 2023 que
321 1980 601 2024 derogatoriarum
639 1982 873 2024 derogatorias,
914 1993 949 2015 ac

215 2032 364 2067 fortiores
390 2040 422 2068 et
445 2035 592 2068 insolitas
624 2037 791 2075 clausulas,
822 2036 948 2068 irritan-

215 2085 314 2118 tium²
331 2092 364 2119 et
380 2087 443 2120 alia
459 2088 622 2121 contraria
639 2089 766 2121 decreta
783 2099 948 2132 quaecum-

216 2149 278 2182 que
303 2140 518 2181 continentes,
545 2141 642 2174 etiam
669 2147 736 2174 toto
761 2148 792 2175 et
820 2143 948 2185 integro

215 2192 437 2236 praesentium
463 2199 576 2227 tenore
606 2194 738 2234 inserto,
769 2206 805 2228 ac
829 2196 869 2228 de
895 2207 949 2238 pa-

216 2249 381 2278 tronorum
398 2256 454 2279 seu
473 2246 612 2279 cuiusvis
631 2248 762 2280 alterius
778 2258 947 2288 consensu,

216 2303 269 2331 aut
293 2299 371 2332 alias
395 2299 651 2343 quomodolibet,
670 2301 817 2343 derogari
843 2312 947 2344 posse,

215 2352 267 2384 vel
293 2352 423 2391 debere,
444 2359 497 2385 aut
514 2353 703 2396 derogatum
723 2354 868 2395 censeri,
890 2365 950 2387 nec

215 2404 293 2447 per⁸
310 2405 486 2448 praefatam
503 2407 750 2449 cappellaniam,
774 2412 947 2451 ceteraque

252 2486 264 2510 1
287 2485 341 2512 Vox
357 2489 502 2520 exemptos
517 2490 624 2521 praeter
638 2494 693 2513 rem
708 2494 766 2514 esse
781 2486 836 2514 vid.
853 2487 888 2522 (n.
900 2489 948 2522 τ.).

251 2529 268 2556 2
288 2530 356 2566 Lege
376 2531 530 2559 irritantia
548 2531 587 2559 vel
605 2532 752 2559 irritantes
766 2533 806 2568 (n.
824 2535 872 2567 τ.).

243 2574 268 2617 ἶ3
288 2575 418 2604 l'articula
434 2585 488 2611 per
508 2576 622 2604 delenda
640 2578 680 2614 (u.
697 2578 742 2612 r.).

986 230 1088 262 dietae
1113 238 1213 262 novae
1249 228 1404 262 ecclesiae
1442 226 1547 260 officia
1571 230 1602 259 et
1625 225 1719 258 mini-

987 282 1083 315 steria
1107 281 1353 325 quomodolibet
1370 285 1562 324 nuncupata,
1578 290 1720 323 unquam

987 335 1204 378 appellatione
1228 334 1381 367 beneficii
1412 334 1462 367 vel
1492 332 1585 366 officii
1617 333 1721 366 eccle-

987 387 1117 428 siastici,
1143 388 1239 420 etiam
1271 388 1428 421 latissime
1464 393 1592 431 sumpto
1626 397 1720 420 voca-

987 440 1074 480 bulo,
1110 441 1353 484 comprehendi,
1393 442 1444 474 vel
1483 442 1720 485 comprehensa

987 492 1130 533 censeri,
1156 503 1263 536 neque
1288 493 1365 533 illa,
1393 504 1452 527 nec
1476 494 1579 537 ipsam
1603 505 1720 528 novam

987 544 1165 584 ecclesiam,
1179 556 1236 588 per
1260 556 1328 584 nos,
1354 551 1407 578 aut
1425 557 1643 590 quoscumque
1664 548 1721 581 Ro-

988 608 1097 631 manos
1111 598 1280 631 Pontifices
1305 609 1510 633 successores
1528 606 1669 641 nostrOS,
1689 606 1721 635 et

987 650 1103 683 Sedem
1136 651 1346 693 praedictam,
1383 652 1535 696 illiusque
1560 655 1656 687 etiam
1679 655 1719 688 de
1741 685 1744 689 ,

988 703 1088 735 latere
1114 704 1237 745 legatos
1253 730 1261 743 ,
1298 710 1352 736 aut
1377 711 1543 746 nostrum,
1569 717 1626 740 scu
1660 718 1720 751 pro

989 761 1135 798 tempore
1157 756 1324 789 existentis
1343 758 1476 790 [tomani
1499 760 1662 793 Pontificis
1679 761 1722 794 vi-

988 808 1109 841 carium
1134 809 1166 841 in
1190 809 1275 842 Urbe
1307 811 1451 852 praefata
1482 811 1515 843 in
1547 812 1722 854 spirituali-

988 861 1046 893 bus
1071 862 1267 903 generalem,
1292 862 1436 905 aliosque
1462 864 1626 906 quoslibet
1646 875 1723 907 qua-

988 925 1124 958 cumque
1150 916 1342 948 auctoritate
1378 916 1547 958 fungentes
1585 923 1617 950 et
1650 918 1723 950 sun-

988 972 1106 1007 cturos,
1129 968 1226 1000 etiam
1244 979 1281 1001 ex
1299 980 1498 1012 quacumque
1518 970 1722 1013 quantumvis

988 1019 1040 1062 pia
1064 1028 1096 1053 et
1120 1020 1284 1054 favorabili
1310 1023 1413 1062 causa,
1439 1022 1471 1054 in
1495 1028 1672 1066 perpetuos
1690 1029 1722 1055 et

988 1076 1153 1109 collativos
1194 1077 1301 1110 titulos
1341 1077 1442 1121 erigi,
1482 1087 1537 1110 seu
1572 1079 1723 1112 collativa

989 1129 1100 1171 quovis
1124 1129 1220 1162 modo
1247 1130 1330 1162 effici
1360 1135 1391 1162 et
1422 1131 1535 1171 reddi,
1562 1141 1622 1164 nec
1653 1133 1721 1165 ullo

988 1192 1130 1224 unquam
1156 1188 1301 1226 tempore
1326 1183 1473 1224 conferri,
1491 1185 1723 1225 commendari,

989 1241 1043 1267 aut
1067 1236 1146 1269 alias
1172 1236 1418 1279 quomodolibet
1449 1237 1489 1270 de
1514 1237 1553 1270 iis
1577 1239 1720 1281 disponi,

989 1298 1095 1331 neque
1120 1299 1222 1322 novae
1247 1289 1415 1328 ecclesiae,
1442 1290 1593 1334 illiusque
1619 1291 1721 1324 sabri-

989 1350 1056 1380 cae,
1075 1341 1238 1374 sacristiae
1257 1347 1288 1374 et
1300 1343 1523 1385 cappellaniae
1538 1343 1724 1377 huiusmodi

989 1394 1083 1434 bona,
1109 1404 1172 1435 res,
1197 1395 1278 1437 iura,
1304 1396 1435 1436 fructus,
1461 1397 1618 1437 redditus,
1649 1407 1726 1441 pro-

989 1452 1112 1488 ventus,
1131 1454 1163 1481 et
1176 1450 1393 1482 emolumenta
1414 1460 1649 1493 quaecumque,
1665 1461 1725 1493 pro

990 1501 1064 1534 dote
1096 1502 1227 1535 alterius
1265 1503 1432 1544 ecclesiae,
1469 1514 1526 1537 seu
1563 1504 1726 1545 beneficii,

990 1565 1046 1588 seu
1071 1554 1303 1588 beneficiorum
1335 1557 1385 1589 vel
1421 1558 1568 1590 locorum
1599 1557 1726 1601 piorum

990 1617 1276 1652 quorumcumque,
1313 1615 1375 1642 tam
1411 1616 1592 1643 erectorum
1629 1621 1726 1654 quam

990 1661 1228 1703 erigendorum‚
1244 1663 1293 1695 vel
1319 1663 1351 1694 in
1378 1662 1527 1706 quosvis¹
1544 1663 1625 1696 alios
1650 1674 1727 1697 usus

991 1715 1147 1757 applicari
1189 1725 1298 1758 posse.
1347 1715 1508 1759 Quidquid
1547 1722 1654 1750 autem
1694 1716 1727 1750 in

991 1768 1186 1800 eontrarium
1211 1769 1462 1812 praemissorum
1480 1780 1538 1812 per
1556 1780 1728 1813 quoscum-

992 1831 1053 1863 que
1078 1821 1187 1864 quavis
1213 1822 1404 1855 auctoritate
1429 1828 1460 1855 et
1477 1828 1635 1865 potestate
1656 1823 1728 1856 sun-

992 1880 1119 1915 geutes,
1145 1874 1240 1907 etiam
1266 1875 1429 1908 Romanos
1455 1875 1626 1908 Pontifices
1657 1886 1728 1909 suc-

992 1937 1138 1960 cessores
1164 1933 1302 1968 nostros,
1317 1928 1468 1961 attentari
1485 1929 1665 1971 contigerit,
1688 1939 1726 1962 ex

993 1991 1079 2013 nune
1103 1987 1202 2024 prout
1234 1992 1271 2014 ex
1297 1987 1373 2014 tunc
1398 1987 1429 2014 et
1454 1992 1470 2015 e
1495 1988 1630 2021 contra,
1655 1992 1728 2015 cum

993 2034 1145 2067 omnibus
1170 2034 1246 2067 inde
1271 2035 1390 2068 secutis
1415 2041 1447 2068 et
1471 2035 1728 2075 secuturis,ir1·i-

993 2093 1057 2119 tum
1082 2099 1118 2120 ac
1147 2088 1264 2129 inane,
1302 2088 1490 2131 nulliusque
1525 2088 1652 2122 roboris
1677 2089 1727 2122 vel

993 2142 1146 2174 momenti
1172 2152 1241 2175 esse
1267 2147 1298 2175 et
1322 2142 1402 2182 sore,
1424 2148 1456 2175 et
1479 2147 1595 2175 statum
1626 2152 1728 2175 novae

993 2195 1147 2227 ecclcsiae
1172 2200 1204 2227 et
1220 2195 1451 2238 cappellaniae,
1476 2201 1727 2238 ceterorumque

993 2247 1174 2280 officiorum
1199 2253 1232 2280 et
1254 2247 1509 2281 ministeriorum
1539 2248 1725 2280 eorumdem

993 2311 1196 2343 nequaquam
1221 2300 1391 2333 immutare
1415 2302 1465 2334 vel
1490 2301 1637 2340 alterare,
1673 2305 1728 2333 aut

993 2354 1178 2386 immutasse
1209 2355 1258 2387 vel
1294 2355 1458 2392 alterasse,
1495 2365 1550 2387 seu
1598 2355 1728 2388 titulum

993 2412 1024 2440 ct
1049 2407 1274 2450 possesionem
1302 2413 1474 2451 ceteraque
1493 2413 1647 2441 attentata
1668 2408 1728 2440 hu-

992 2460 1132 2492 iusmodi
1150 2470 1281 2503 semper
1301 2466 1332 2492 et
1350 2462 1620 2505 quandocumque
1638 2472 1730 2504 prae·

993 2514 1132 2546 sentium
1157 2514 1347 2546 auctoritate
1372 2514 1490 2547 insecta
1518 2525 1555 2548 ac
1579 2515 1727 2556 invalida,

1029 2579 1040 2605 1
1063 2577 1133 2605 Edit.
1154 2576 1233 2605 Main.
1255 2577 1320 2613 legit
1339 2577 1439 2613 quovis
1459 2579 1498 2614 (n.
1518 2579 1568 2612 τ.).

1615 168 1678 202 677
1723 176 1771 204 An.
1793 175 1821 204 c.
1843 174 1913 204 1085
