2111 3157
438 203 503 238 974
990 211 1169 235 nontamen
1194 211 1347 235 Romnum

393 267 581 300 Dioeceseos
601 264 847 307 Portugallensis
871 264 959 303 lites,
982 263 1053 296 vide
1076 262 1168 295 Lites

393 319 580 353 Dioeceseos
605 317 732 352 termini
757 316 908 349 eeclesiae
933 315 1042 358 oppidi
1067 314 1106 347 de
1130 314 1252 354 Olinda,
1275 324 1378 358 nuper
1409 315 1441 348 in
1475 315 1689 349 cathedralem
1719 321 1864 358 erectae,
1888 317 1942 352 de-

482 372 657 414 signantur,
683 369 725 402 10
750 370 783 408 b;
819 368 949 401 termini
974 367 1128 401 ecclesiae
1156 367 1185 401 S.
1211 367 1387 401 Sebastiani
1422 368 1542 411 pariter
1573 369 1606 401 in
1639 368 1853 403 cathedralem
1878 380 1944 405 ere-

482 430 549 456 ctae
575 423 810 461 describuntur,
835 421 878 454 15
903 432 924 454 a
949 426 979 453 et
1002 431 1079 464 seq.;
1104 420 1180 452 item
1204 420 1387 454 dioeceseos
1410 421 1563 455 ecclesiae
1586 421 1616 455 S.
1641 421 1793 455 Ludovici
1817 422 1857 457 de
1879 424 1944 457 Ma-

479 486 620 520 ragnano
637 477 669 508 in
687 475 901 508 cathedralem
919 474 1049 513 erectio,
1067 472 1109 507 58
1126 484 1163 513 a;
1189 473 1278 507 cuius
1303 474 1430 507 termini
1456 475 1702 516 constituuntur,
1719 475 1761 509 59
1777 486 1799 510 a
1814 482 1846 510 et
1864 487 1943 521 seq.;

478 531 638 563 dioeceses
662 539 716 562 sex
750 529 788 561 ab
818 527 1095 571 archiepiscopatu
1128 526 1316 561 Bituricensi
1348 528 1636 570 dismembrantur‚
1661 539 1698 563 ex
1722 529 1839 573 quibus
1861 540 1943 564 nova

480 583 643 627 provincia
666 581 823 614 Albiensis
848 580 1044 622 efformatur,
1069 580 1134 612 2112
1159 591 1179 613 a
1204 585 1235 613 et
1257 591 1317 624 seq.

390 639 542 671 Doctores
566 636 691 678 collegii
716 635 889 674 Comensis‚
913 635 984 667 vide
1007 634 1138 676 Collegii
1162 634 1322 667 Comensis
1346 634 1502 669 doctores.

389 691 535 724 Doctoris
559 690 651 722 titulo
675 689 830 729 abdicato,
856 693 887 720 et
910 687 1055 730 magistri
1073 687 1163 720 titulo
1188 686 1342 729 abdicato,
1368 688 1505 723 Minores
1529 688 1568 721 de
1585 687 1792 722 observantia
1807 689 1943 723 lectores

481 744 694 788 appellantur,
720 742 785 775 0226
810 743 826 775 b
851 747 882 775 ct
905 753 970 785 seq.

388 797 570 830 Docti-inam
596 796 805 830 Christianam
829 795 1027 836 docentibus,
1052 794 1252 828 audientibus
1277 798 1307 828 et
1330 795 1370 827 ad
1395 795 1426 828 id
1451 795 1708 839 cooperantibus,
1732 795 1943 839 indulgentias

479 855 651 894 perpetuas
670 849 826 882 concessit
850 848 1002 890 Pontifex,
1024 846 1090 881 684
1113 848 1139 880 b.

388 903 519 937 Dohana
542 908 572 935 et
595 902 772 943 dohanerii,
796 902 868 935 vide
892 901 1049 935 Gabellae.
1082 901 1269 934 Dohaneriis
1293 901 1543 944 recognoscendi
1567 901 1661 935 etiam
1686 907 1909 946 exemptorum
1925 912 1943 935 a

480 956 613 998 gabellis
638 965 748 998 capsas
773 960 803 987 et
827 955 950 987 arculas
970 953 1175 993 conceditur‚.
1190 953 1232 986 55
1256 965 1287 987 α.

389 1009 573 1042 Dominicus
598 1008 815 1041 Valvassorius
839 1007 976 1040 vicarius
1000 1006 1157 1049 generalis
1182 1005 1307 1040 Ordinis
1341 1008 1546 1041 eremitarum
1577 1008 1606 1041 S.
1632 1007 1818 1051 Augustini,
1843 1006 1886 1041 85
1909 1008 1942 1047 b;

479 1061 543 1094 149
569 1062 603 1101 b;
628 1061 701 1094 dein
726 1061 816 1104 prior
841 1060 998 1102 generalis
1023 1059 1149 1092 Ordinis
1174 1059 1283 1102 ipsius,
1308 1057 1373 1091 258
1398 1059 1424 1091 b.
1766 1067 1781 1082 r

389 1115 508 1148 Domus
533 1115 726 1148 Lauretanae
750 1114 789 1146 de
822 1114 907 1147 Urbe
938 1112 1181 1146 confraternitas
1212 1112 1245 1145 in
1269 1112 1652 1146 archiconfraternitatem
1677 1112 1833 1156 erigitur,
1857 1112 1894 1147 51
1924 1123 1945 1146 a

480 1173 511 1200 et
534 1179 598 1211 seq.

1154 1299 1177 1332 E

392 1434 533 1468 Ecclesia
557 1433 721 1466 abbatialis
745 1432 858 1466 Montis
880 1432 1013 1474 Cassini,
1040 1432 1103 1464 728
1129 1433 1162 1471 b;
1188 1432 1232 1464 illi
1258 1432 1399 1466 subiecta
1423 1436 1469 1466 est
1489 1433 1622 1466 ecclesia
1639 1433 1806 1476 collegiata
1822 1432 1853 1468 S.
1870 1432 1944 1469 Ger·

481 1487 564 1519 mani
588 1497 646 1530 per
670 1486 833 1519 decretum
858 1485 1120 1528 Congregationis
1146 1486 1371 1529 episcoporum
1396 1491 1427 1519 et
1450 1486 1663 1530 regularium,
1685 1487 1764 1520 ibid.

391 1540 530 1574 Ecclesia
555 1540 722 1582 collegiata
746 1540 775 1573 S.
801 1539 951 1573 Germani
976 1539 1118 1572 subiecta
1143 1544 1190 1574 est
1214 1540 1366 1573 ecclesiae
1399 1540 1548 1573 abbatiali
1581 1540 1694 1574 Montis
1731 1539 1850 1574 Cassini
1885 1550 1944 1586 per

481 1594 643 1627 decretum
669 1593 931 1635 Congregationis
955 1592 1179 1636 episcoporum
1205 1598 1236 1625 et
1260 1592 1456 1635 regularium
1482 1592 1716 1635 confirmatum,
1741 1592 1804 1626 7⁶28
1825 1593 1852 1626 b.

391 1648 530 1681 Ecclesia
556 1647 810 1690 metropolitana,
835 1647 906 1680 vide
931 1646 1103 1679 Ecclesiam
1130 1646 1354 1679 cathedralem.

392 1701 563 1734 Ecclesiam
590 1700 803 1733 cathedralem
830 1700 861 1732 in
886 1699 1163 1743 metropolitanam
1184 1699 1326 1742 erigendi
1351 1709 1464 1733 causae
1488 1706 1715 1741 recensentur,
1747 1700 1767 1733 5
1794 1711 1814 1734 a
1845 1705 1876 1734 et
1907 1700 1942 1740 b;

480 1754 669 1787 cathedralis
701 1754 730 1787 S.
757 1753 927 1786 Salvatoris
962 1753 1097 1795 Bahiae,
1124 1754 1376 1797 Ulyssiponensis
1409 1753 1642 1797 archiepiscopi
1667 1753 1836 1787 accedente
1866 1763 1942 1787 con-

481 1819 592 1850 sensu,
619 1808 650 1840 in
675 1808 952 1851 metropolitanam
983 1806 1127 1849 erigitur,
1154 1806 1173 1838 6
1198 1807 1214 1839 b
1240 1811 1270 1840 et
1293 1817 1372 1850 scq.;
1398 1807 1546 1840 ecclesias
1571 1806 1785 1849 cathedrales,
1815 1817 1852 1840 ac
1878 1807 1943 1840 suf-

480 1862 644 1904 fraganeas
676 1871 693 1893 a
727 1861 970 1904 metropolitana
998 1860 1247 1893 dismembrandi
1277 1870 1388 1893 causas
1410 1865 1564 1900 recenset,
1592 1859 1657 1893 112
1678 1870 1716 1900 a3
1745 1859 1941 1893 cathedrales

480 1925 532 1947 sex
552 1926 568 1946 a
593 1914 756 1958 provincia
774 1914 960 1947 Bituricensi
977 1919 1137 1957 separatas
1161 1913 1200 1946 ab
1217 1913 1301 1946 illius
1317 1913 1549 1957 archiepiscopi
1566 1913 1785 1946 iurisdictione
1807 1913 1941 1954 exemit,

479 1967 544 2000 113
562 1968 595 2007 Ι);
622 1973 651 2000 et
669 1968 835 2000 ecclesiam
853 1967 1066 2000 cathedralem
1085 1967 1275 2007 Albiensem,
1300 1976 1396 1999 unam
1421 1976 1458 1999 ex
1483 1966 1576 2010 ipsis,
1604 1966 1637 1999 in
1661 1966 1941 2010 metropolitanam

479 2022 596 2061 erexit,
622 2021 713 2064 eique
738 2021 886 2054 ecclesias
911 2021 1050 2064 quinque
1076 2020 1214 2064 reliquas
1239 2020 1455 2063 suffraganeas
1479 2019 1668 2063 assignavit,
1704 2018 1770 2052 114
1797 2029 1836 2059 a;
1866 2019 1939 2053 vide

480 2074 651 2106 Ecclesiam
677 2074 921 2117 parrochialem.

390 2128 562 2161 Ecclesiam
587 2128 801 2171 parochialem
828 2128 1042 2161 cathedralem
1064 2126 1275 2160 constituendi
1293 2136 1404 2160 causas
1425 2131 1599 2166 enumerat,
1625 2125 1644 2159 8
1669 2136 1689 2158 α
1709 2130 1740 2158 et
1759 2135 1832 2169 seq„
1851 2124 1894 2158 12
1911 2125 1939 2166 b,

480 2181 520 2214 57
547 2192 565 2213 (ι
591 2185 620 2215 et
644 2182 677 2220 b3
704 2182 917 2225 parochialem
943 2181 1053 2225 oppidi
1078 2181 1116 2214 de
1141 2181 1252 2214 Olinda
1277 2180 1490 2213 cathedralem
1515 2179 1688 2219 constituit,
1712 2178 1732 2211 9
1756 2178 1774 2211 b
1797 2184 1828 2212 et
1852 2189 1940 2222 seq.;

481 2234 694 2277 parochialem
720 2235 828 2278 oppidi
847 2235 875 2268 S.
894 2234 1069 2268 Sebastiani
1095 2235 1126 2267 in
1150 2244 1250 2277 regno
1270 2234 1419 2266 Brasiliae
1436 2233 1467 2266 in
1484 2232 1697 2266 cathedralem
1716 2232 1827 2273 erexit,
1843 2231 1888 2264 14
1903 2231 1937 2272 b;

480 2288 554 2320 item
577 2288 793 2331 parochialem
826 2288 932 2332 oppidi
958 2289 987 2322 S.
1014 2288 1163 2321 Ludovici
1189 2288 1226 2320 de
1250 2288 1453 2329 Maragnano,
1478 2286 1519 2319 57
1544 2286 1561 2319 b
1586 2291 1616 2319 et
1640 2296 1702 2329 seq.

391 2340 548 2384 Episcopo
572 2341 784 2374 Alexandrino
809 2342 895 2375 litem
921 2351 1113 2385 componere
1137 2342 1219 2374 inter
1244 2340 1424 2384 principem
1448 2339 1618 2373 Messerani
1643 2344 1674 2372 et
1693 2338 1938 2372 communitates

480 2394 539 2427 loci
567 2395 786 2434 committitur,
810 2394 853 2427 43
877 2395 903 2427 b.

393 2446 550 2489 Episcopo
574 2448 772 2480 Maioricensi
797 2448 915 2481 erectio
940 2454 1113 2481 conventus
1143 2448 1358 2481 Maioricensis
1381 2457 1441 2491 pro
1471 2446 1679 2491 Cappuccinis
1708 2445 1936 2487 committitur,

481 2500 496 2531 1
525 2500 542 2531 b
567 2505 596 2532 et
620 2512 698 2544 seq.;
727 2501 802 2533 item
828 2502 979 2545 episcopo
1011 2502 1196 2535 Malacitano
1228 2502 1345 2535 erectio
1378 2506 1550 2535 conventus
1581 2499 1756 2534 Malacitani
1791 2509 1851 2543 pro
1880 2498 1937 2532 Mie-

480 2552 613 2585 noribus
638 2553 836 2587 Discalceatis
858 2555 1077 2595 committitur,
1101 2554 1166 2587 102
1191 2565 1220 2587 a.

390 2605 607 2649 Episcopatus,
632 2606 703 2638 vide
728 2606 865 2640 Ecclesia
888 2607 1088 2650 parochialis,
1112 2608 1183 2641 vide
1206 2607 1311 2640 Mensa
1336 2607 1542 2652 episcopalis,
1567 2610 1642 2642 item
1665 2607 1737 2641 vide
1760 2604 1940 2641 Dioecesis..
