2111 3157
191 212 287 239 2212.st
314 212 379 240 aoso
424 201 487 237 ⁶208

214 537 332 559 clausulae.

382 263 431 294 vel
464 272 544 304 quae
582 261 613 293 in
649 260 846 294 eontrarium
880 259 990 302 quovis
1023 258 1118 291 modo

382 316 513 357 allegari
540 316 680 354 valeret,
701 315 738 346 de
757 319 867 346 cetero
890 312 1119 345 inviolabiliter

381 368 544 400 observari
572 367 702 405 debere,
723 366 916 399 auctoritate
942 365 1116 408 apostolica

381 426 496 452 tenore
520 420 750 462 praesentium,
779 419 951 453 statuimus
977 423 1009 451 et
1033 418 1118 451 ordi-

381 483 506 504 namus.

425 524 439 566 ξ
463 524 494 556 4.
522 524 742 556 Decernentes
768 524 898 556 easdem
927 528 1119 566 praesentes

378 576 505 609 litteras
531 576 653 615 firmas,
682 577 804 609 validas
830 582 862 608 et
885 576 1032 609 efficaces
1052 575 1118 607 exi-

379 634 465 661 stere
488 635 519 662 et
544 628 623 668 fbre,
651 640 792 672 suosque
818 630 987 672 plenarios
1013 634 1045 661 et
1068 629 1118 660 in-

378 688 488 724 tegros
518 682 651 715 effectus
679 683 788 715 sortiri
820 688 851 715 et
887 682 1057 720 obtinere,
1081 692 1117 712 ac

376 734 454 773 illis,
477 735 516 767 ad
539 745 619 777 quos
641 740 767 777 spectat
782 740 813 767 et
837 734 999 777 spectabit
1020 734 1050 765 in
1069 734 1117 765 su-

379 792 498 825 turum,
520 788 550 819 in
569 787 719 819 omnibus
742 791 773 819 et
797 797 856 829 per
872 786 979 818 omnia
996 786 1115 828 plenis-

377 840 458 871 sime
476 839 650 882 suffragari,
669 839 782 882 sicque
800 839 832 870 in
851 838 1039 881 praemissis
1058 848 1116 880 per

378 902 600 935 quoscumque
625 892 749 924 iudices
774 892 957 924 ordinarios
975 897 1006 923 et
1027 892 1115 923 dele-

377 950 481 987 gatos,
499 945 594 977 etiam
612 955 780 977 causarum
804 945 916 987 palatii
942 943 1113 986 apostolici

376 998 565 1037 auditores,
598 998 734 1030 iudicari
769 1003 800 1029 et
824 996 951 1030 definiri
980 997 1114 1035 debere,

377 1061 412 1082 ac
434 1050 560 1082 irritum
582 1055 614 1082 et
630 1050 726 1082 inane
748 1051 773 1082 si
799 1060 892 1082 secus
914 1058 1010 1092 super
1031 1049 1081 1080 liis
1098 1059 1115 1080 a

377 1114 539 1146 quoquam
556 1130 563 1143 ,
597 1103 708 1145 quavis
733 1102 923 1135 auctoritate
939 1130 946 1143 ‚
973 1102 1115 1134 scienter

375 1159 426 1189 vel
448 1157 644 1199 ignoranter,
670 1157 845 1199 contigerit
862 1156 1026 1189 attentari.

965 209 1146 235 BULLARIUM
1171 208 1233 233 ΠΟΜ
1239 209 1321 234 ANUM

1163 268 1238 297 rem,
1258 257 1319 289 sub
1340 258 1459 290 annulo
1481 256 1662 298 Piscatoris,
1687 258 1738 292 die
1766 268 1818 292 xiv
1844 269 1894 291 se-

1162 310 1317 354 ptembris
1351 320 1517 351 moctxxx,
1552 312 1756 354 pontificatus
1790 313 1892 346 nostri

1161 374 1246 396 anno
1273 374 1315 396 iv.

1196 425 1253 452 Dat.
1270 425 1314 452 die
1337 426 1367 452 14
1386 426 1549 461 septembris
1565 426 1641 461 1680,
1659 426 1753 462 pontis.
1774 435 1842 455 anno
1856 434 1892 456 lv.

1473 568 1576 601 XCIII.

1161 647 1375 689 Confirmalur
1412 648 1572 680 decretum
1606 648 1786 681 cardinalis
1819 659 1893 692 pro-

1204 701 1340 738 tectoris,
1365 711 1428 743 quo
1453 701 1653 732 declararum
1675 702 1739 743 fuit
1763 712 1828 734 non
1854 702 1893 733 li-

1201 763 1268 785 cere
1291 753 1513 795 superim'ibus
1544 753 1678 785 Ordinis
1701 753 1740 785 B.
1768 754 1894 787 Mariae

1201 806 1238 837 (Ie
1255 805 1396 838 Mercede
1411 805 1557 848 deleyare
1577 806 1802 838 auctoritatem
1818 816 1892 838 con-

1200 858 1326 900 serendi
1350 858 1495 890 habitam
1517 858 1753 889 Tertiariorum
1772 859 1893 890 utrius·

1201 921 1263 953 que
1286 920 1404 949 sescus,
1436 920 1524 953 posse
1556 914 1663 942 tamen
1694 921 1743 943 eos
1776 911 1893 943 horum

1200 972 1313 994 curam
1334 963 1433 1006 probo
1457 962 1609 1005 reliqioso
1632 963 1840 996 committere.

1340 1041 1535 1068 Innocentius
1556 1043 1635 1075 Papa
1653 1042 1702 1073 XI,

1300 1085 1337 1112 ad
1357 1086 1490 1112 futuram
1510 1085 1554 1112 rei
1574 1086 1755 1113 memoriam.

1903 209 1951 237 Αιι.
1969 210 1996 237 C.
2019 211 2086 238 lG'SO

1200 1156 1258 1200 §l
1275 1155 1382 1198 Nuper
1396 1166 1454 1198 pro
1468 1161 1557 1198 parte
1570 1155 1678 1188 dilecti
1692 1155 1748 1188 filii
1762 1155 1892 1199 Iosepbi
1927 1196 1931 1199 ι
1955 1168 2085 1195 Proponant„

1158 1210 1262 1241 fratris
1283 1220 1434 1251 expresse
1456 1209 1595 1251 professi
1621 1215 1652 1241 et
1672 1195 2086 1268 procuratoris{l30¹'5.'3.'.2'.<”„4233

1913 1254 1953 1268 ΙΟΙΙΙ
1977 1253 2086 1274 epi-*copo-

1157 1261 1316 1304 generalis
1343 1261 1471 1294 Ordinis
1488 1261 1522 1293 B.
1548 1261 1664 1293 Mariae
1690 1261 1729 1293 de
1747 1261 1947 1294 Mercedemm
1967 1278 1987 1295 ει
2004 1275 2086 1299 reguia-

250 1221 363 1246 nerogauo

183 1251 342 1268 contrariorum.

420 1212 434 1254 ξ
458 1211 488 1243 5.
517 1210 586 1243 Non
609 1210 809 1242 obstantibus
829 1209 1113 1242 constitutionibus

377 1269 409 1296 et
445 1263 706 1295 ordinationibus
740 1262 948 1305 apostolicis,
984 1272 1112 1293 necnon

1904 1307 1964 1321 ΓΙΗΙῺ-

229 2117 291 2137 Fides
315 2119 371 2137 tran-

189 2148 324 2170 auniptot'utu.

377 1317 479 1350 dictae
512 1315 782 1357 Congregationis
820 1315 954 1357 eiusque
984 1314 1113 1357 proxin-

376 1370 498 1402 ciarum
524 1375 555 1401 et
580 1374 795 1400 conventuum
822 1377 1113 1410 quorumcumque,

376 1422 471 1456 etiam
497 1422 688 1461 iuramento,
713 1421 958 1453 confirmatione
985 1425 1114 1462 aposto-

376 1476 448 1514 lica,
467 1476 517 1507 vel
540 1475 653 1517 quavis
672 1474 824 1506 firmitate
843 1473 905 1506 alia
930 1473 1113 1512 roboratis,

377 1528 508 1561 statutis
533 1532 565 1559 et
591 1526 905 1565 consuetudinibus,
932 1526 1114 1568 privilegiis

378 1591 534 1625 quoque,
562 1579 697 1612 indultis
729 1585 761 1611 et
785 1579 900 1612 litteris
926 1579 1115 1621 apostolicis

377 1636 409 1667 in
437 1634 630 1666 contrarium
656 1632 909 1675 praemissorum
935 1633 1116 1674 quomodo-

378 1688 458 1720 libet
473 1686 651 1724 concessis,
671 1685 869 1717 conlirmatis
888 1690 919 1717 et
939 1685 1114 1723 innovatis3

380 1740 496 1783 quibus
523 1738 673 1771 omnibus
693 1743 723 1770 et
740 1737 896 1779 singulis,
924 1737 1053 1769 illorum
1072 1743 1116 1769 te-

379 1803 476 1825 nores
499 1802 557 1834 pro
581 1793 677 1834 plene
696 1796 726 1823 et
743 1790 941 1823 sufficienter
956 1790 1115 1832 expressis

380 1856 415 1878 ac
451 1845 489 1877 ad
516 1845 648 1875 verbum
675 1843 806 1875 insertis
843 1843 1023 1881 babentes,
1051 1843 1115 1875 illis

381 1899 458 1930 alias
472 1898 505 1929 in
523 1907 580 1929 suo
599 1897 713 1929 robore
728 1897 958 1939 permansuris,
978 1896 1015 1928 ad
1031 1906 1117 1938 prae-

380 1952 555 1983 missorum
573 1949 740 1989 ellectum,
765 1950 823 1981 bac
844 1949 911 1981 vice
938 1949 1115 1987 dumtaxat,

381 2003 569 2046 specialiter
594 2008 625 2034 ct
651 2013 802 2044 expresse
824 2002 1041 2044 derogamus,
1068 2012 1119 2033 ce-

382 2058 526 2099 terisque
553 2056 724 2088 contrariis
756 2056 1028 2098 quibuscumque.

427 2112 440 2154 g
465 2111 495 2143 G.
535 2110 689 2143 Volumus
725 2116 830 2142 autem
867 2116 901 2142 ut
933 2110 1118 2142 earumdem

382 2163 602 2207 praesentium
629 2163 808 2195 litterarum
829 2161 1047 2203 transumptis,
1065 2172 1119 2194 seu

384 2216 548 2259 exemplis,
564 2216 657 2248 etiam
679 2215 858 2258 impressis,
874 2225 967 2246 manu
987 2214 1121 2247 alicuius

384 2269 501 2302 notarii
520 2269 639 2311 publici
658 2268 863 2310 subscriptis,
882 2273 912 2300 et
926 2266 1033 2309 sigillo
1051 2278 1122 2310 per-

385 2334 483 2355 sonae
505 2323 536 2354 in
555 2322 775 2354 ecelesiastica
794 2321 950 2363 dignitate
969 2321 1123 2352 constitu-

386 2384 435 2408 tae
454 2374 597 2414 munitis,
618 2375 728 2406 eadem
754 2385 886 2417 prorsus
912 2373 991 2406 fides
1010 2378 1072 2405 tam
1090 2374 1120 2404 in

387 2429 509 2462 iudicio
540 2439 634 2471 quam
668 2433 757 2460 extra
786 2428 864 2460 illud
890 2427 1011 2469 ubique
1036 2428 1123 2459 loeo—

389 2492 459 2514 rum
476 2481 643 2519 habeatur,
656 2491 735 2522 quae
753 2481 928 2512 baberetur
943 2479 1021 2522 ipsis
1036 2490 1124 2521 prae·

359 2545 364 2549 ⁴
388 2534 536 2569 sentibus
554 2533 577 2565 si
599 2534 703 2565 forent
720 2532 883 2564 exhibitae
899 2533 948 2564 vel
963 2538 1122 2564 ostensae.

1157 1314 1390 1356 redemptionis
1408 1314 1620 1356 captivorum,
1635 1314 1667 1345 in
1685 1316 1775 1346 sacra
1793 1314 1894 1346 tholo·

1157 1367 1206 1409 gia
1222 1367 1375 1409 magistri,
1394 1366 1643 1408 Congregationi
1659 1366 1893 1399 venerabilium

1158 1421 1288 1452 fratrum
1311 1425 1496 1451 nostrorum
1514 1420 1544 1451 S.
1566 1419 1603 1451 R.
1623 1419 1657 1451 E.
1681 1419 1893 1452 cardinalium

1158 1473 1295 1515 negotiis
1328 1477 1360 1504 et
1394 1472 1685 1504 consultationibus
1720 1472 1891 1514 episcopo-

1158 1536 1227 1558 rum
1248 1530 1279 1558 et
1300 1525 1493 1566 regularium
1515 1525 1717 1567 praepositae
1736 1524 1892 1567 exposito,

1159 1579 1255 1622 quod,
1278 1589 1349 1610 cum
1367 1578 1398 1609 in
1416 1578 1501 1610 dicto
1523 1577 1641 1609 Ordine
1662 1584 1768 1610 essent
1785 1587 1893 1620 quam-

1160 1632 1287 1675 plurimi
1311 1630 1447 1663 tertiarii
1475 1636 1507 1663 et
1531 1631 1694 1663 tertiariae
1719 1641 1774 1663 seu
1807 1631 1894 1673 pizo-

1158 1686 1235 1717 clzae
1252 1685 1311 1717 sub
1332 1683 1562 1716 'l‘ertiariorum
1581 1685 1700 1725 regula,
1723 1694 1758 1715 ex
1781 1683 1893 1716 habitu

1160 1738 1302 1770 eiusdem
1328 1737 1457 1770 Ordinis
1487 1737 1539 1779 pie
1565 1743 1595 1769 et
1620 1735 1826 1769 laudabiliter
1849 1736 1894 1768 vi-

1161 1796 1279 1829 ventes,
1307 1790 1487 1822 dubitatum
1521 1790 1693 1831 aliquando
1726 1792 1828 1821 luerat
1853 1799 1894 1822 an

1160 1844 1336 1886 pertineret
1357 1842 1511 1885 privativi,
1530 1841 1568 1874 ad
1589 1842 1774 1884 superiores
1794 1841 1895 1884 ipsius

1160 1896 1288 1928 Ordinis
1331 1895 1505 1937 praedictis
1555 1894 1705 1926 terti-ariis
1748 1894 1895 1927 habiturn

1161 1949 1318 1986 conferre,
1345 1958 1382 1979 an
1408 1957 1483 1979 vero
1510 1952 1645 1989 possent
1670 1947 1819 1988 delegare
1840 1946 1896 1979 ali-

1162 2012 1257 2045 quem
1299 2001 1401 2032 virum
1442 2000 1629 2041 religiosum
1677 2000 1896 2042 probataeque

1162 2054 1297 2093 virtutis,
1317 2059 1351 2085 ut
1368 2053 1431 2086 illis
1457 2053 1603 2084 habitum
1621 2052 1807 2085 huiusmodi
1825 2063 1896 2085 con-

1163 2109 1260 2140 ferret
1284 2116 1458 2148 curamque
1478 2116 1588 2138 eorum
1615 2105 1749 2137 liaberet
1774 2105 1897 2148 praeci-

1163 2172 1225 2204 pue
1252 2161 1335 2193 circa
1361 2161 1492 2201 regulae
1526 2158 1781 2198 observantia1n;
1808 2159 1897 2191 ideo-

1164 2226 1225 2258 que
1251 2224 1309 2257 pro
1336 2213 1435 2255 ipsius
1461 2212 1589 2254 losephi
1620 2217 1711 2254 parte
1735 2212 1897 2253 praefatae

1164 2267 1375 2300 cardinalium
1393 2264 1642 2307 Congregationi
1664 2264 1846 2307 supplicato
1863 2269 1899 2296 ut

1165 2331 1223 2363 pro
1250 2318 1363 2351 maiori
1388 2317 1561 2350 securitate
1588 2316 1820 2349 dubitationem
1840 2317 1899 2348 liu-

1166 2372 1303 2405 iusmodi
1342 2372 1502 2403 resolvere
1539 2369 1746 2412 dignaretur:
1784 2370 1898 2402 eadem

1166 2424 1380 2467 Congregatio
1406 2422 1627 2459 cardinalium,
1652 2432 1710 2464 per
1734 2433 1826 2455 suurn
1848 2423 1900 2456 de-

1166 2483 1289 2509 cretum
1322 2477 1372 2509 die
1397 2486 1426 2508 m
1451 2474 1574 2518 augusti
1603 2474 1747 2516 proxime
1774 2480 1901 2517 praete·
1928 2482 1931 2485 '

1145 2546 1146 2563 i
1168 2530 1217 2562 riti
1244 2535 1437 2567 emanatum,
1460 2528 1640 2571 supplicem
1668 2528 1814 2560 libellum
1839 2529 1899 2561 sibi

434 2587 545 2619 Datum
570 2586 699 2625 Romae,
726 2586 810 2628 apud
831 2585 861 2617 S.
882 2585 1011 2617 Mariam
1031 2584 1126 2617 Maio·
1146 2610 1148 2621 ,

1168 2594 1266 2626 super
1289 2582 1473 2626 praemissis
1498 2587 1682 2623 porrectum
1707 2581 1830 2614 remisit
1854 2581 1914 2615 di-,.
