2111 3157
6 221 31 241 n.
47 210 77 239 C.
98 210 165 239 ¹688

1 2159 118 2189 ‘merrtem
128 2165 162 2180 ea·

1 2186 43 2207 uuit
53 2187 161 2213 generatis.

757 206 967 232 tNNOCENTtUS
991 206 1020 229 xi
1044 205 1092 230 rr.

923 255 925 267 '
946 264 1100 293 numero,
1129 251 1155 286 si
1181 251 1381 285 sanctissimo
1407 250 1538 284 domino
1563 255 1675 283 nostro

172 259 260 302 (eum
270 257 348 291 alias
365 257 580 300 Congregatio
593 256 824 290 venerabilium
844 255 904 287 sra-

172 317 256 344 trum
292 306 478 343 nostrorum
502 310 533 343 S.
564 310 601 342 Ρι.
627 309 661 342 Ε.
693 308 902 341 cardinalium

170 363 312 407 negotiis
329 368 360 396 et
375 362 662 396 consultationibus
678 361 901 404 episcoporum

171 423 204 450 et
227 416 422 460 regularium
438 415 626 459 praeposita
641 413 904 447 animadverterit

171 470 204 503 in
223 469 368 514 praefata
387 469 552 512 provincia
568 468 712 501 Peruana
736 466 902 499 nonnullis

170 522 210 556 ab
236 522 312 556 hinc
341 522 432 555 annis
456 532 627 555 numerum
653 521 786 553 fratrum
810 519 901 552 valde

171 575 360 616 excrevisse,
387 585 422 608 ac
446 574 606 618 plurimos
629 573 667 606 ad
692 582 844 616 praesens
869 572 901 604 in

169 627 225 662 itta
242 638 323 667 esse,
342 627 405 671 qui,
427 627 606 660 studiorum
621 625 790 658 curriculis
809 635 902 667 pera-

170 680 240 720 ctis,
266 680 354 723 digni
376 681 412 713 'et
435 679 543 712 idonei
561 684 644 718 sunt,
661 678 777 721 quibus
802 676 901 719 magi-

169 733 260 766 sterii
286 733 404 776 gradus
429 731 639 773 conseratur),
656 730 742 763 inter
761 730 823 762 alia
843 740 917 777 pro-

169 785 290 819 salubri
309 796 345 818 ac
370 784 457 818 felici
483 784 626 816 eiusdem
649 782 835 826 provinciae
853 793 902 815 re-

169 838 289 881 gimine
314 838 455 876 decreta,
475 838 534 870 sub
555 836 605 869 die
625 846 676 870 xix
702 835 821 868 mensis
846 845 902 868 no-

168 889 308 923 vembris
342 899 524 924 MDCLxxxnt
558 888 782 927 demandavit,
810 894 844 920 ut
869 889 900 920 in

168 943 309 987 capitulo
334 942 478 985 generali
504 942 648 975 eiusdem
672 941 798 974 Ordinis
827 947 901 974 tunc

167 996 316 1041 proxime
341 995 536 1028 celebrando
569 995 607 1028 de
638 1005 772 1028 numero
802 994 902 1037 magi-

169 1055 310 1083 strorum
348 1049 491 1082 eiusdem
530 1048 717 1092 provinciae
750 1049 900 1091 augendo

168 1108 333 1146 ageretur,
350 1112 386 1135 ac
403 1102 538 1135 subinde
556 1102 640 1134 idem
658 1101 832 1144 capitulum
851 1112 903 1144 ge-

168 1157 289 1196 nerale,
314 1160 348 1188 ut
371 1155 497 1188 debitus
522 1155 630 1187 virtuti
655 1154 760 1187 honor
784 1165 898 1198 repen-

169 1210 311 1249 deretur,
336 1214 369 1242 et
393 1209 506 1241 fratres
532 1208 692 1251 praefatae
717 1208 901 1251 provinciae

168 1262 320 1304 congruis
352 1262 513 1295 bonorum
538 1261 688 1304 praemiis
721 1261 758 1293 ad
796 1271 902 1294 sacra—

169 1325 241 1348 rum
269 1314 490 1357 bonarumque
516 1313 695 1346 litterarum
716 1314 820 1346 studia
838 1325 902 1346 am-

167 1367 340 1410 plectenda
364 1371 395 1399 et
418 1366 646 1410 prosequenda
668 1367 843 1399 alacriores
871 1372 902 1400 et

168 1420 383 1453 ferventiores
398 1419 620 1458 redderentur,
635 1429 668 1452 re
684 1424 809 1452 mature
829 1430 902 1463 per-

168 1473 396 1516 pensantque
426 1472 595 1511 discussa,
620 1483 656 1504 ac
693 1473 811 1505 dilecto
836 1473 901 1506 tilio

168 1530 282 1558 nostro
312 1524 438 1558 Palutio
474 1525 555 1557 tituli
580 1525 610 1558 S.
631 1525 746 1557 Mariae
777 1525 897 1557 Trans-

168 1577 305 1621 tyherim
330 1577 360 1610 S.
391 1577 429 1610 R.
455 1577 490 1610 E.
521 1578 713 1621 presbytero
746 1578 900 1611 cardinali

169 1630 209 1664 de
234 1629 364 1663 Alteriis
390 1636 572 1673 nuncupato
592 1630 720 1663 Ordinis
746 1631 900 1674 praedicti

169 1683 255 1726 apud
280 1693 339 1716 nos
364 1688 395 1715 et
418 1682 532 1716 Sedem
559 1683 773 1726 Apostolicam
797 1689 902 1727 prote-

170 1741 259 1769 ctore
277 1735 487 1779 approbante,
502 1735 587 1768 inter
604 1742 726 1769 ceteras
740 1747 800 1780 pro
819 1737 902 1769 dicta

168 1787 314 1821 Peruana
345 1788 509 1832 provincia
536 1789 638 1822 editas
666 1789 900 1829 ordinationes,

168 1841 331 1875 senarium
357 1841 501 1875 eiusdem
526 1842 709 1885 provinciae
735 1844 904 1885 magistro-

169 1904 241 1928 rum
270 1905 439 1927 numerum
463 1894 515 1936 (si
540 1895 583 1927 ita
612 1895 705 1928 nobis
738 1897 902 1938 placeret)

171 1947 210 1981 ad
235 1947 473 1980 duodenarium
498 1947 707 1990 imposterum
729 1949 904 1981 extenden-

171 2000 244 2033 dum
271 2010 340 2033 esse
365 2000 507 2039 sancivit,
533 2000 762 2044 decretumque
788 2001 848 2033 liae
872 2002 903 2034 in

171 2062 207 2085 re
221 2053 279 2085 sub
298 2052 392 2085 titulo
410 2063 468 2096 pro
493 2052 636 2085 Peruana
653 2053 818 2096 provincia
834 2054 848 2097 ἓ
864 2054 899 2086 11

172 2104 275 2138 edidit
298 2104 420 2138 tenoris
450 2105 504 2148 qui
535 2105 703 2148 sequitur,
729 2106 902 2139 videlieet:

179 2168 191 2188 α
216 2156 372 2196 Quoniam
397 2157 540 2200 praestita
560 2158 733 2200 provincia,
748 2159 825 2192 satis
841 2171 905 2192 am-

173 2212 227 2254 pla
246 2212 374 2254 lateque
399 2216 540 2251 extensa,
564 2211 670 2244 divino
694 2212 820 2245 stivente
845 2213 905 2245 Nu-

174 2264 270 2302 mine.
287 2264 363 2297 viris
387 2264 510 2297 eximiis
527 2264 678 2304 abundat,
700 2275 780 2308 quos
797 2266 905 2298 debita

176 2318 391 2361 praemiorum
408 2317 627 2351 vicissitudine
645 2328 710 2350 non
729 2318 821 2351 decet
837 2330 905 2352 esse

177 2371 358 2410 destitutos,
387 2381 423 2403 ac
447 2371 558 2404 eadem
583 2380 673 2403 sacra
696 2371 906 2414 Congregatio

177 2424 215 2456 ad
233 2424 408 2467 capitulum
426 2424 576 2466 generale
594 2423 793 2456 commiserit
813 2435 907 2466 agere

179 2477 218 2510 de
243 2477 390 2518 augendo
422 2486 556 2509 numero
581 2476 830 2518 magistrorum:
856 2478 909 2510 de-

179 2530 325 2569 claratur,
345 2530 375 2561 in
391 2529 556 2571 provincia
580 2529 725 2560 Peruana
743 2529 908 2562 duodecim

181 2581 391 2626 imposterum
418 2582 539 2615 futuros
574 2591 644 2614 esse
674 2581 844 2624 magistros
870 2583 909 2615 de

1583 191 1646 226 783
1691 200 1740 229 An,
1756 200 1784 229 e.
1803 201 1869 228 1688

946 306 1112 349 placuerit,
1137 306 1249 338 habito
1273 309 1418 348 respectu
1451 303 1677 348 proportiona-

947 364 995 391 tae
1023 359 1271 397 distributionis,
1290 358 1368 390 itaut
1392 368 1449 401 pro
1474 357 1557 390 natis
1577 357 1607 389 in
1626 357 1677 390 In-

946 412 1014 451 diis,
1034 412 1087 455 qui
1113 417 1186 444 sunt
1208 412 1241 443 in
1265 411 1377 444 maiori
1398 421 1543 450 numero,
1560 421 1676 443 novem

946 464 1157 507 designentur
1180 464 1375 506 magisteria,
1401 468 1432 496 et
1456 464 1516 496 tria
1540 474 1600 507 pro
1624 464 1677 497 Hi-

944 517 1072 560 spanis¹
1097 518 1192 560 longe
1217 518 1423 561 paucioribus
1446 530 1475 551 γ».

987 569 1046 612 §CL
1067 569 1144 602 Cum
1161 576 1277 611 autem,
1291 571 1373 603 sicut
1390 571 1500 603 eadem
1518 571 1676 614 expositio

944 623 1185 665 subiungebat,
1213 624 1316 656 dictus
1348 624 1483 656 Ioannes
1514 624 1677 657 decretum

945 675 1130 708 huiusmodi
1149 676 1181 708 in
1200 676 1342 719 praefato
1367 676 1508 718 capitulo
1534 677 1678 719 generati

943 727 1061 760 sactum
1076 754 1083 767 ,
1110 733 1144 760 ut
1168 728 1304 761 firmiter
1328 728 1482 761 subsistat
1506 734 1538 762 et
1568 735 1678 763 exacte

944 781 1064 813 servari
1088 781 1211 821 valeat,
1238 781 1433 824 apostolicae
1464 782 1680 816 confirmatio-

944 834 993 866 nis
1018 839 1146 866 nostrae
1178 834 1358 876 patrocinio
1383 834 1577 866 communiri
1608 836 1679 878 plu-

946 886 1060 918 rimum
1088 886 1268 919 desideret:
1297 897 1364 927 nos,
1389 887 1494 929 ipsum
1527 877 1681 920 Ioannem

945 939 1141 982 specialibus
1166 939 1327 973 favoribus
1344 945 1375 972 et
1392 940 1504 982 gratiis
1525 940 1682 983 prosequi

944 993 1099 1032 volentes,
1115 998 1147 1025 et
1163 1004 1179 1025 a
1193 993 1359 1036 quibusvis
1373 994 1680 1029 excommunicatio-

944 1045 1002 1085 nis,
1028 1045 1253 1088 suspensionis
1279 1051 1311 1078 ct
1336 1046 1513 1085 interdicti,
1540 1046 1679 1089 aliisque

945 1098 1174 1131 ecclesiasticis
1188 1098 1368 1138 sententiis,
1388 1099 1536 1132 censuris
1554 1105 1584 1132 et
1606 1110 1679 1142 poe·

945 1152 1004 1191 nis,
1021 1162 1038 1184 a
1054 1151 1125 1185 iure
1146 1153 1197 1185 vel
1218 1152 1257 1184 ab
1286 1152 1431 1193 homine,
1457 1153 1568 1196 quavis
1586 1163 1679 1186 occa-

945 1204 1037 1238 sione
1059 1206 1108 1239 vel
1133 1207 1228 1238 causa
1252 1205 1333 1245 latis,
1362 1205 1387 1238 si
1413 1205 1529 1248 quibus
1546 1216 1679 1249 quomo-

945 1257 1070 1290 dolibet
1100 1257 1272 1291 innodatus
1308 1258 1430 1298 existit,
1457 1259 1496 1291 ad
1529 1258 1679 1293 effectum

945 1311 1162 1353 praesentium
1196 1311 1360 1344 diimtaxat
1384 1312 1653 1355 consequendum
1670 1339 1677 1352 ,

946 1365 1060 1396 harum
1089 1365 1173 1397 serie
1206 1364 1415 1398 absolventes
1441 1372 1473 1398 ct
1496 1366 1678 1398 absolutum

945 1417 1014 1449 sore
1033 1422 1214 1456 censentes,
1234 1417 1527 1461 supplicationibus
1545 1419 1613 1451 eius
1628 1429 1678 1452 no-

944 1469 1031 1502 mine
1049 1469 1143 1503 nobis
1167 1480 1267 1513 super
1293 1471 1354 1502 hoc
1379 1470 1548 1503 humiliter
1572 1481 1683 1514 porre-

945 1523 1003 1555 ctis
1019 1523 1174 1563 inclinati,
1190 1524 1355 1556 decretum
1372 1524 1681 1567 praeinsertum,au-

945 1577 1092 1610 ctoritate
1110 1577 1297 1620 apostotiea,
1317 1583 1427 1610 tenore
1448 1577 1678 1619 praesentium,

945 1631 1160 1674 approbamus
1192 1635 1223 1662 et
1254 1630 1481 1663 confirmamus
1500 1658 1507 1671 ‚
1534 1631 1679 1674 illudque

946 1682 1127 1716 executioni
1148 1682 1293 1715 mandari
1320 1682 1439 1716 debere
1461 1683 1678 1716 det-eruimus.

989 1737 1003 1779 ἓ
1020 1736 1051 1769 3
1071 1736 1288 1768 Decernentcs
1304 1735 1427 1778 pariter
1444 1736 1573 1768 casdem
1590 1747 1681 1778 prae-
1718 1744 1838 1766 Ctiusutae.

947 1794 1054 1821 sentes
1073 1789 1198 1820 litteras
1223 1798 1349 1831 semper
1366 1786 1482 1827 firmas,
1508 1788 1628 1821 validas
1651 1794 1682 1821 et

948 1842 1090 1875 efficaces
1115 1842 1253 1875 existere
1280 1846 1311 1874 et
1334 1842 1417 1881 sore,
1444 1852 1586 1885 suosque
1613 1843 1682 1885 ple-

948 1895 1054 1927 narios
1084 1899 1116 1927 et
1135 1895 1281 1936 integros
1300 1893 1432 1926 effectus
1450 1894 1557 1927 sortiri
1573 1900 1602 1927 et
1625 1894 1681 1927 ob-

949 1948 1060 1987 tinere,
1086 1958 1122 1980 ac
1145 1947 1219 1988 illis,
1236 1948 1274 1980 ad
1303 1958 1385 1990 quos
1411 1953 1536 1990 spectat
1563 1953 1596 1980 et
1622 1958 1681 1991 pro

949 2005 1095 2043 tempore
1130 2001 1399 2043 quandocumque
1435 2000 1614 2042 spectabit,
1648 2001 1681 2033 in

947 2053 1098 2085 omuibus
1132 2059 1164 2085 et
1187 2052 1373 2096 peremnia
1401 2053 1590 2096 plenissime
1619 2054 1682 2086 sus-

949 2106 1075 2148 l'ragari,
1101 2106 1212 2148 sicque
1240 2105 1273 2137 in
1298 2105 1485 2148 praemissis
1504 2116 1563 2149 per
1587 2117 1683 2149 quos-

947 2170 1083 2202 cumque
1103 2159 1228 2192 iudices
1245 2159 1427 2191 ordinarios
1450 2164 1482 2192 et
1505 2159 1682 2202 delegatos,

947 2214 1043 2245 etiam
1070 2223 1238 2245 causarum
1262 2212 1374 2255 palatii
1399 2213 1569 2255 apostolici
1595 2214 1684 2246 audi-

949 2271 1048 2305 tores,
1082 2265 1221 2298 iudicari
1255 2271 1287 2298 et
1311 2265 1439 2298 definiri
1477 2266 1610 2306 debere,
1648 2276 1684 2300 ao

947 2320 1074 2352 irritum
1102 2323 1133 2351 ct
1164 2318 1261 2350 inane
1292 2318 1318 2351 si
1346 2329 1437 2351 secus
1461 2330 1560 2363 super
1591 2319 1641 2352 his
1666 2330 1683 2353 a

948 2382 1126 2415 quoquam,
1152 2371 1264 2414 quavis
1296 2372 1505 2411 auctoritate,
1544 2373 1684 2406 scienter

949 2426 998 2458 vel
1029 2425 1230 2466 ignoranter,
1255 2424 1428 2466 contigerit
1450 2426 1614 2458 attentari.

994 2479 1008 2520 g
1033 2477 1063 2509 4.
1091 2476 1159 2509 Non
1190 2477 1392 2509 obstantibus
1420 2478 1622 2520 praemissis,
1647 2489 1684 2512 ac

952 2529 1237 2562 constitutionibus
1268 2533 1300 2561 et
1330 2529 1586 2564 ordinationibus
1611 2542 1683 2575 apo·

989 2592 999 2618 1
1023 2590 1092 2618 Edit,
1114 2589 1192 2617 Main.
1214 2590 1277 2625 legit
1296 2591 1445 2627 Hispaniis
1463 2594 1501 2626 (R.
1517 2592 1568 2628 T.).

1735 580 1869 601 continuatio

1687 608 1746 628 relati
1762 609 1850 629 decit-n.

1760 2483 1874 2506 Deruentio

1693 2510 1851 2530 contrari-irum.
