2111 3157
77 220 127 252 nn.
147 217 176 246 c.
193 215 260 245 ¹683

140 2215 251 2238 Concessio

71 2241 234 2267 privilegiorum.

265 265 398 299 stolicae
423 265 624 309 indulgentia
648 265 836 299 communiri
851 265 871 298 ¹.
898 265 995 298 Nobis

265 324 440 362 propterca
465 319 630 352 humiliter
647 318 823 362 supplicari
841 319 995 357 fecerunt,

266 376 423 413 quatenus
448 371 650 405 monasteriis
674 371 838 414 praefatis,
866 380 903 403 ac
926 370 995 403 aliis

266 423 369 456 dictae
394 424 644 466 Congregationi
670 423 833 457 Sveticae2
856 423 889 456 in
914 423 996 455 sutu-

264 485 334 508 rum
352 476 575 519 aggregandis,
594 476 790 519 illorumque
810 474 995 518 praesiden-

264 528 358 568 tibus,
376 528 604 567 visitatoribus,
623 528 806 568 abbatibus,
825 527 994 560 monachis

265 586 297 614 et
319 581 486 624 personis,
506 580 732 624 praesentibus
757 585 789 612 et
811 579 935 619 suturis,
961 586 995 612 ut

264 633 413 666 omnibus
432 638 465 666 et
488 633 622 675 singulis
647 632 824 676 privilegiis
846 637 877 665 et
893 632 994 664 indul-

263 685 316 718 tiis
351 685 570 728 spiritualibus
612 685 776 728 praefatae
814 685 994 727 Congrega-

254 738 368 774 ,tioni2
392 738 592 778 Cassinensi,
618 738 694 771 alias
725 738 755 771 S.
782 738 921 770 Iustinae
953 738 992 769 de

262 790 379 831 Padua,
406 796 438 824 et
461 791 533 824 aliis
564 790 874 833 Congregationibus
910 790 993 825 eius-

262 843 336 876 dem
364 842 514 883 Ordinis,
541 853 577 875 ac
612 843 741 878 illarum
776 843 994 886 praesidenti-

251 895 329 939 ⁷buS,
340 895 567 936 visitatoribus,
581 895 758 937 abbatibus,
774 895 993 939 superioribus

262 953 294 980 et
316 948 485 982 monachis
502 976 509 989 ,
535 958 571 981 ac
605 949 754 992 personis
788 949 995 992 quibuscum-

255 1004 336 1043 que,
355 1001 550 1044 illarumque
568 1001 714 1034 eeclesiis
732 1006 763 1034 et
779 1001 992 1041 monasteriis,

251 1054 357 1097 *etiam
378 1064 437 1097 per
460 1054 541 1087 viam
568 1054 865 1088 communicationis
881 1055 930 1087 vel
947 1065 993 1087 ex·

254 1104 430 1148 tensionis,
457 1112 510 1140 aut
544 1108 621 1140 alias
657 1108 904 1151 quomodolibet
936 1118 994 1152 per

252 1158 482 1202 ,quoscumque
515 1160 675 1193 Romanos
706 1160 877 1193 Pontifices
901 1170 994 1203 prae-

261 1209 452 1247 decessores
482 1218 612 1246 nostros
644 1223 678 1246 ac
714 1214 809 1246 ctiam
842 1224 901 1256 per
936 1224 993 1246 nos

250 1263 424 1308 'concessis
441 1270 473 1298 et
490 1264 522 1297 in
541 1265 680 1298 futurum
706 1265 935 1306 concedendis,
957 1276 992 1298 ac

250 1316 375 1361 „quibus
408 1317 594 1350 earumdem
619 1317 914 1360 Congregationum
938 1317 992 1350 ab·

251 1368 366 1415 botes,
400 1370 585 1413 superiores
611 1376 643 1403 et
667 1370 841 1411 monachi,
865 1381 991 1403 necnon

252 1422 420 1467 ecclesi&
444 1428 476 1454 et
510 1423 705 1456 monasteria
740 1423 926 1456 huiusmodi
953 1424 991 1456 de

250 1474 338 1519 iure,
357 1485 417 1507 usu
436 1480 468 1507 et
487 1475 735 1516 consuetudine,
753 1475 922 1519 privilegio
940 1482 993 1508 aut

250 1525 471 1564 ‚concessione
496 1528 686 1570 apostolica,
708 1528 740 1561 in
758 1539 877 1571 genere
895 1530 942 1562 vel
960 1530 991 1561 in

222 1614 226 1616 ,
252 1579 377 1622 specie,
394 1590 430 1612 ac
448 1584 510 1612 tam
529 1580 726 1613 coniunctim
744 1592 838 1624 quam
856 1581 992 1621 divisim,

251 1628 314 1670 ,seu
329 1631 406 1664 alias
419 1632 664 1675 quomodolibet
675 1638 817 1673 utuntur,
836 1633 991 1673 fruuntur,

259 1684 428 1728 potiuntur
452 1690 484 1717 et
509 1682 661 1727 gaudent,
680 1697 716 1718 ac
733 1686 787 1727 uti,
806 1686 876 1727 frui,
894 1687 992 1730 potiri

253 1743 286 1776 ,ρ’
308 1738 456 1779 gaudere
481 1743 619 1781 possunt
651 1743 682 1771 et
705 1744 879 1782 poterunt,
904 1740 994 1772 dum-

253 1788 355 1825 ‘inodo
380 1794 486 1822 tamen
512 1789 576 1822 sint
600 1790 632 1823 in
659 1801 715 1823 usu
732 1818 740 1831 ,
762 1802 822 1825 nec
846 1797 994 1825 revocata

259 1845 314 1873 aut
329 1841 388 1873 sub
400 1840 474 1874 ullis
485 1843 746 1876 revocationibus
759 1845 994 1887 comprehensa

249 1894 405 1940 existant,
423 1905 529 1938 neque
551 1897 649 1929 sacris
667 1898 844 1930 canonibus
866 1903 898 1930 et
915 1897 993 1931 Con-

253 1946 325 1993 ¹cilii
348 1946 526 1981 Tridentini
553 1949 692 1983 decretis
721 1956 774 1982 aut
798 1951 995 1984 constitutio-

258 1999 356 2032 nibus
380 2001 567 2044 apostolicis
592 2008 783 2045 repugnent,
803 2004 872 2046 pari
898 2004 994 2037 modo

259 2053 320 2093 nti,
340 2052 412 2094 frui,
430 2053 529 2096 potiri
547 2060 579 2087 et
603 2056 743 2097 gaudere
768 2057 903 2096 valeant,
921 2067 995 2100 per-

260 2110 382 2148 petuo,
406 2106 587 2139 concedere
621 2113 653 2140 et
684 2108 852 2151 indulgere
877 2109 915 2141 de
940 2110 995 2142 be-

260 2157 419 2200 nignitate
443 2159 622 2202 apostolica
643 2160 859 2203 dignaremur.

305 2210 320 2253 ἓ
345 2210 375 2242 2.
399 2209 462 2244 Nos
479 2210 590 2253 igitur,
605 2212 693 2255 ipsos
711 2219 907 2256 exponentes
925 2224 996 2257 spe-

262 2261 395 2295 cialibus
423 2263 582 2296 favoribus
596 2268 626 2298 et
643 2266 753 2307 gratiis
772 2268 923 2310 prosequi
942 2277 997 2299 vo-

263 2314 379 2356 lentes,
404 2322 434 2349 et
459 2327 570 2350 eorum
594 2317 773 2361 singulares
798 2329 954 2362 personas
980 2331 997 2353 a

264 2368 431 2411 quibusvis
467 2370 827 2413 excommunicationis,
863 2382 997 2416 suspen-

299 2457 311 2484 1
332 2456 462 2491 Legerem
481 2458 691 2486 communicari
711 2459 750 2494 (n.
770 2460 819 2494 ⁰12).

299 2500 316 2527 2
334 2501 420 2528 Antea
438 2502 537 2529 lectum
556 2502 606 2529 fuit
624 2503 756 2530 Svevicae
774 2505 814 2538 (a.
831 2505 882 2540 τ.).

300 2544 317 2572 3
336 2544 406 2572 Edit.
421 2545 500 2574 Μαίη.
516 2546 582 2582 legit
598 2547 834 2584 Conqreyationie
852 2551 890 2584 (n.
906 2550 956 2584 T.)-

252 2614 259 2617 .
300 2588 318 2617 6
335 2589 431 2625 Aptius
445 2589 504 2626 lege
523 2591 656 2620 ecclesiae
676 2592 713 2630 (a.
728 2592 777 2629 Τ.).
881 2588 887 2592 ’
933 2591 938 2595 “

849 217 923 242 INNO
929 217 943 241 C
949 216 1060 241 ENTIUS
1081 217 1112 240 Χῐ
1136 217 1186 241 ῘῬ.

1664 203 1725 234 r===7

1038 265 1137 297 sionis
1162 269 1192 297 et
1216 262 1394 303 interdicti,
1416 261 1550 304 aliisque
1578 261 1770 293 ecclesiasti-

1038 316 1083 348 cis
1107 317 1287 355 sententiis,
1306 316 1449 349 censuris
1471 321 1502 347 et
1521 314 1645 357 poenis,
1663 324 1679 345 a
1700 314 1768 346 iure

1038 370 1086 401 vel
1124 369 1162 401 ab
1187 368 1341 409 homine,
1369 368 1478 411 quavis
1515 367 1683 400 occasione
1720 368 1769 399 vel

1038 423 1134 453 causa
1158 421 1241 461 latis,
1262 421 1287 453 si
1314 421 1430 464 quibus
1455 419 1702 463 quomodolibet
1723 420 1770 451 in-

1038 474 1175 507 nodatae
1201 474 1350 514 existunt,
1379 474 1416 506 ad
1443 473 1589 506 effectum
1615 483 1770 516 praesen-

1039 526 1113 559 tium
1146 526 1310 560 dumtaxat
1345 526 1627 569 consequendum,
1655 526 1768 558 barum

1036 579 1118 611 serie
1143 579 1341 612 absolventes
1366 584 1398 612 et
1420 579 1581 612 absolutas
1607 578 1673 611 fore
1694 589 1769 611 cen-

1037 636 1155 670 sentes,
1188 631 1371 664 huiusmodi
1407 631 1696 674 supplicationibus
1723 631 1770 663 in-

1036 683 1156 722 clinati,
1176 684 1214 715 de
1234 683 1467 716 venerabilium
1487 684 1617 716 fratrum
1643 683 1769 716 nostro-

1036 745 1104 767 rum
1129 735 1159 767 S.
1184 735 1219 767 R.
1243 735 1277 768 E.
1306 735 1516 768 cardinalium
1541 736 1674 768 Concilii
1703 736 1770 767 Tri-

1036 787 1159 820 dentini
1182 788 1406 830 interpretum,
1426 788 1479 830 qui
1499 788 1650 820 dilectum
1668 787 1768 820 filium

1035 846 1281 883 procuratorem
1301 841 1483 883 generalem
1506 840 1607 872 dietae
1629 840 1769 881 Congre-

1036 893 1173 934 gationis
1186 892 1386 925 Cassinensis
1400 892 1598 932 audiverunt,
1618 893 1767 930 consilio,

1036 946 1197 988 praefatae
1222 945 1490 988 Congregationi¹
1509 945 1663 985 Sveticae,
1686 946 1769 978 cius-

1036 1009 1098 1040 que
1124 998 1331 1041 praesidenti,
1354 998 1523 1031 abbatibus
1545 1003 1576 1031 et
1593 999 1768 1037 monachis,

1036 1051 1214 1094 ceterisque
1240 1050 1390 1094 personis
1412 1051 1515 1084 dictae
1540 1050 1771 1093 Congregatto-

1037 1104 1108 1144 nis,
1137 1109 1172 1135 ut
1196 1104 1347 1137 omnibus
1371 1109 1402 1136 et
1427 1104 1563 1146 singulis
1588 1104 1768 1147 privilegiis

1037 1161 1067 1188 et
1091 1157 1201 1198 gratiis
1237 1156 1458 1200 spiritualibus
1483 1162 1626 1196 tantum,
1653 1157 1770 1199 quibus

1035 1209 1204 1252 potiuntur
1218 1214 1248 1242 et
1261 1209 1401 1252 gaudent
1414 1209 1687 1252 Congregationes
1701 1209 1770 1241 Cas·

1035 1261 1173 1294 sinensis
1209 1267 1240 1294 et
1276 1263 1357 1295 aliae
1391 1262 1467 1295 dicti
1508 1262 1635 1295 Ordinis
1669 1262 1770 1293 sancti

1036 1314 1209 1354 Benedicti,
1229 1315 1326 1357 potiri
1345 1320 1375 1347 et
1395 1315 1536 1357 gaudere
1562 1315 1695 1358 possint,
1716 1325 1770 1346 au-

1034 1367 1181 1400 ctoritate
1197 1368 1385 1410 apostolica,
1405 1373 1516 1400 tenore
1534 1368 1768 1411 praesentium,

1034 1421 1241 1453 concedimus
1266 1425 1297 1453 et
1314 1421 1538 1463 indulgemus;
1561 1421 1644 1453 salva
1663 1426 1768 1452 tamen

1035 1483 1161 1516 semper
1192 1473 1224 1505 in
1256 1473 1442 1517 praemissis
1475 1473 1663 1506 auctoritate
1689 1473 1770 1505 Con-³

1035 1525 1229 1567 gregationis
1262 1531 1514 1559 memoratorum
1544 1526 1765 1559 cardinalium.

1079 1579 1093 1621 ξ,
1118 1578 1148 1611 3.
1177 1579 1394 1611 Decernentes
1425 1579 1555 1611 easdem
1583 1584 1769 1621 praesentes

1036 1631 1159 1663 litteras
1185 1631 1305 1671 firmas,
1331 1632 1453 1664 validas
1480 1637 1512 1664 et
1536 1632 1680 1664 efficaces
1705 1632 1770 1663 exi-

1037 1689 1122 1716 stere
1144 1690 1175 1717 ct
1200 1685 1267 1717 sore
1283 1711 1290 1724 ,
1319 1696 1455 1728 suosque
1476 1685 1641 1728 plenarios
1666 1690 1694 1717 et
1722 1685 1770 1716 in-

1037 1742 1144 1779 tegros
1171 1737 1302 1769 etl'eetus
1338 1737 1445 1770 sortiri
1477 1743 1509 1770 et
1535 1737 1706 1777 obtinere,
1737 1747 1771 1769 ac

1037 1789 1121 1829 illis,
1149 1790 1186 1822 ad
1213 1800 1293 1831 quos
1319 1795 1442 1832 spectat
1478 1796 1509 1822 et
1539 1800 1598 1832 pro
1626 1795 1770 1832 tempore

1037 1843 1305 1886 quandocumque
1328 1843 1498 1885 spectabit,
1520 1843 1550 1874 in
1570 1843 1718 1875 omuibus
1741 1847 1773 1874 ot

1038 1906 1096 1938 per
1122 1895 1229 1928 omnia
1249 1895 1438 1938 plenissime
1463 1895 1639 1937 suffragari⁷
1661 1895 1770 1936 sicque

1038 1949 1068 1980 in
1098 1947 1284 1991 praemissis
1307 1958 1367 1991 per
1399 1958 1620 1991 quoscumque
1649 1947 1772 1979 iudices

1037 2001 1219 2033 ordinarios
1241 2006 1272 2033 et
1289 2001 1466 2043 delegatos,
1486 2000 1580 2033 ctiam
1606 2010 1771 2032 causarum

1043 2054 1153 2097 palatii
1178 2053 1347 2096 apostolici
1373 2053 1554 2093 auditores,
1581 2052 1715 2085 iudicari
1743 2057 1775 2084 ct

1038 2107 1165 2140 definiri
1198 2107 1317 2139 debere
1334 2133 1342 2147 ,
1368 2116 1404 2139 ac
1428 2106 1554 2138 irritum
1580 2111 1611 2139 et
1631 2106 1727 2137 inane
1747 2105 1773 2136 si

1038 2171 1128 2193 secus
1143 2171 1240 2203 super
1256 2160 1306 2192 his
1321 2170 1337 2192 a
1351 2169 1526 2203 quoquam,
1541 2159 1650 2202 quavis
1666 2163 1775 2190 aucto-

1038 2214 1144 2255 ritate,
1162 2214 1303 2246 scienter
1315 2214 1363 2245 vel
1382 2213 1582 2255 ignoranter,
1601 2211 1774 2253 contigerit

1039 2267 1200 2300 attentari.
1216 2267 1284 2299 Non
1299 2266 1504 2299 obstantibus
1522 2268 1631 2299 nostra
1649 2271 1680 2298 et
1694 2266 1774 2297 Can-

1039 2320 1189 2353 cellariae
1208 2320 1404 2363 apostolicae
1418 2319 1531 2361 regula
1550 2319 1587 2351 de
1603 2317 1775 2360 indulgen·

1040 2373 1091 2405 tiis
1116 2373 1155 2406 ad
1180 2373 1280 2405 instar
1303 2383 1367 2405 non
1392 2371 1616 2411 concedendis,
1637 2371 1774 2414 aliisque

1040 2425 1326 2459 constitutionibus
1350 2431 1382 2458 et
1405 2423 1668 2458 ordinationibus
1699 2434 1776 2466 apo-

1040 2479 1162 2512 stolicis
1181 2505 1188 2518 ,
1224 2478 1408 2522 ceterisque
1433 2477 1604 2511 contrariis
1637 2476 1776 2519 quibus-

1040 2542 1190 2574 cumque.

1075 2594 1086 2621 1
1109 2592 1180 2621 Edit.
1197 2591 1275 2620 Main.
1292 2592 1357 2629 legit
1374 2592 1610 2629 Gonqreqationis
1626 2592 1662 2628 (a.
1678 2591 1728 2626 T.).

1776 216 1785 229 ³*
1796 221 1808 235 τ’
1839 211 1866 236 Γ..
1891 210 1956 235 isiko]

1808 1587 1856 1607 titia
1863 1588 1926 1609 tuine.

1854 2271 1969 2295 Dorvcauo

1786 2301 1898 2319 contrat-io·
1906 2305 1946 2320 uvi.
1994 2320 1995 2323 Ἴ
