2111 3157
127 223 179 250 An.
203 221 232 250 C.
249 222 316 250 'icet

173 1664 234 1683 lsi-ln<
261 1665 314 1683 tran-

362 212 427 246 5¹³4

322 271 391 310 riis,
411 269 548 312 aliisque
574 264 818 305 efficacioribus,
833 262 1062 297 efficacissimis

322 330 355 357 et
378 323 516 356 insolitis
542 319 707 359 clausulis,
738 317 1006 360 irritantibusque
1031 321 1064 350 et

323 378 394 412 aliis
420 375 579 414 decretis,
605 373 638 406 in
664 381 784 415 genere
811 376 843 404 et
867 370 900 403 in
924 370 1035 414 speeie
1051 397 1059 411 ,

324 431 419 464 etiam
443 433 555 466 motu,
579 425 713 459 scientia
745 430 776 457 et
800 422 970 467 potestatis
994 423 1062 466 ple-

323 482 470 516 nitudine
494 479 637 524 paribus,
657 489 694 511 ac
719 476 1004 516 consistorialiter,
1031 480 1062 509 et

323 535 400 569 alias
426 531 673 578 quomodolibet
697 530 730 563 in
755 529 953 564 contrarium
971 539 1062 573 prae-

323 590 498 623 missorum
525 585 689 620 concessis
718 596 755 619 ac
770 584 895 629 pluries
916 588 948 617 et
965 593 1063 628 quan-

324 643 505 684 tiscumque
522 639 644 673 vicibus
662 638 802 672 iteratim
821 637 1017 671 confirmatis
1031 641 1063 670 et

322 694 506 734 innovatis,
534 693 650 737 quibus
676 691 828 725 omnibus
854 696 884 725 et
909 690 1059 734 singulis,

325 748 448 781 etiamsi
478 758 538 791 pro
572 747 704 780 illorum
729 745 901 778 sufficienti
927 745 1062 787 deroga-

323 803 412 835 tione
438 801 476 834 de
502 799 566 833 illis
589 809 768 842 eorumque
799 797 874 830 totis
894 797 1061 831 tenoribus

324 853 495 897 specialis,
522 851 690 895 specifica,
715 860 867 894 expressa
891 856 922 883 et
946 849 1063 883 indivi-

325 907 399 947 dua,
419 916 454 938 ac
472 906 511 938 de
534 904 632 937 verbo
651 904 690 936 ad
707 903 854 943 verbum,
874 913 938 936 non
956 907 1062 935 autem

315 964 382 1003 'per
400 959 561 992 clausulas
579 957 750 999 generales
775 956 861 988 idem
886 955 1063 999 importan-

323 1018 372 1045 tes
389 1039 396 1052 ‚
421 1011 544 1044 mentio
570 1021 625 1043 seu
652 1009 783 1053 quaevis
809 1009 871 1042 alia
897 1008 1062 1052 expressio

323 1065 477 1098 habenda
499 1069 553 1096 aut
570 1063 678 1106 aliqua
702 1063 764 1096 alia
783 1062 943 1106 exquisita
960 1062 1064 1095 forma

323 1119 361 1151 ad
389 1119 451 1151 hoc
477 1117 634 1150 servanda
650 1116 744 1156 soret,
766 1116 897 1149 illorum
918 1120 1062 1154 tenores,

324 1172 451 1210 formas,
474 1180 587 1202 causas
613 1174 645 1201 et
670 1168 857 1202 occasiones
890 1167 1065 1210 praesenti-

323 1224 381 1256 bus
410 1234 470 1267 pro
503 1223 597 1265 plene
623 1227 655 1254 et
680 1221 878 1254 sufficienter
903 1221 1064 1264 expressis

324 1289 359 1310 ac
386 1277 588 1310 exactissime
614 1281 645 1309 et
665 1275 908 1309 accuratissime
933 1275 1065 1308 servatis

324 1336 355 1363 et
380 1329 573 1373 specificatis
600 1328 781 1372 respective
807 1329 974 1368 habentes,
1001 1328 1065 1362 illis

325 1384 404 1417 alias
441 1384 473 1415 in
510 1393 567 1415 suo
605 1383 723 1415 robore
760 1382 999 1425 permansuris,
1025 1382 1065 1414 ad

324 1436 577 1480 praemissorum
607 1434 765 1475 effectum,
796 1435 858 1467 hac
878 1434 946 1467 vice
972 1435 1066 1467 dum-

326 1496 420 1529 taxat,
437 1489 621 1533 specialiter
638 1494 670 1520 et
689 1498 842 1531 expresse
862 1487 1066 1530 derogamus,

326 1555 362 1576 ac
380 1544 571 1586 derogatum
598 1552 666 1574 esse
688 1542 858 1581 volumus;
885 1540 1065 1584 ceterisque

326 1596 495 1630 contrariis
522 1594 790 1638 quibuscumque.

371 1651 385 1693 g
418 1649 449 1681 4.
484 1648 639 1681 Volumus
674 1652 780 1680 autem
811 1652 846 1679 ut
880 1647 1066 1681 earumdem

327 1702 545 1747 praesentium
570 1701 751 1734 litterarum
776 1701 994 1744 transumptis,
1010 1710 1066 1734 seu

329 1756 496 1799 eveinplis,
512 1754 607 1788 etiam
624 1754 800 1797 impressis,
814 1764 911 1786 manu
929 1754 1067 1787 alicuius

330 1810 444 1843 notarii
463 1809 586 1853 publici
601 1807 807 1851 subscriptis,
827 1813 858 1840 et
874 1808 982 1851 sigillo
1000 1819 1069 1852 per-

331 1874 427 1897 sonae
453 1863 484 1895 in
510 1861 730 1895 ecclesiastica
762 1860 920 1903 dignitate
953 1861 1070 1893 consti-

332 1923 417 1949 tutae
447 1915 587 1955 munitis‚
611 1915 724 1947 eadem
742 1924 876 1957 prorsus
901 1912 981 1946 sides
1006 1919 1069 1946 tam

332 1970 364 2002 in
383 1969 505 2002 iudicio
524 1973 556 2000 et
569 1973 658 2001 extra
675 1967 755 2000 illud
781 1966 901 2009 ubique
919 1967 1067 1999 locorum

334 2023 491 2055 habeatur
507 2048 514 2061 ,
550 2031 632 2064 quae
663 2020 741 2064 ipsis
761 2020 990 2063 praesentibus
1016 2020 1072 2053 ha-

334 2077 466 2109 beretur
490 2074 514 2107 si
531 2074 639 2106 forent
657 2073 822 2106 exhibitae
843 2074 893 2105 vel
908 2078 1069 2106 ostensae.

378 2129 494 2160 Datum
519 2126 648 2166 Romae,
679 2127 765 2170 apud
790 2126 820 2159 S.
853 2126 982 2160 Mariam
1010 2125 1072 2158 Ma-

338 2183 449 2221 iorem,
471 2183 528 2214 sub
554 2181 674 2213 annulo
700 2179 886 2219 piscatoris,
912 2179 964 2212 die
990 2189 1072 2212 xxvn

339 2235 463 2277 augusti
498 2243 698 2274 iinctxxxiv,
730 2232 938 2276 pontificatus
972 2232 1073 2265 nostri

340 2298 425 2320 anno
450 2298 516 2321 viu.

377 2349 434 2375 Dat.
452 2349 494 2376 die
510 2349 540 2377 Ξῖ
558 2348 663 2384 augusti
681 2348 758 2383 1684,
778 2348 872 2384 pontif.
888 2355 958 2376 anno
973 2354 1030 2376 vm.

658 2482 768 2515 CXLV.

345 2554 508 2587 Statuitur
528 2557 560 2585 ul
585 2553 700 2595 fratres
726 2553 804 2585 laici
828 2554 1015 2586 clm-{corum
1036 2564 1080 2585 rc-

390 2607 555 2650 (falmiam
584 2606 843 2639 ,llz'nistranlz'um
864 2606 1022 2649 Infirmis,
1045 2606 1078 2647 ia

901 213 1082 240 nummum
1106 211 1258 238 noi-mmm

1146 264 1311 305 posterum
1330 269 1394 293 non
1418 258 1585 303 eliquatur
1609 258 1644 292 in
1675 256 1838 293 consulto-

1147 311 1230 347 res'.

1286 401 1483 430 Innocentius
1512 403 1592 437 Papa
1615 403 1664 436 X1,

1240 447 1277 474 ad
1295 447 1432 474 futuram
1452 446 1499 474 rei
1518 446 1698 476 memoriam-

1149 528 1164 572 §
1181 528 1213 561 1.
1235 527 1362 572 Exponi
1382 527 1478 561 nobis
1498 538 1604 572 nuper
1616 527 1691 562 fecit
1704 528 1840 563 dilectus
1857 516 1861 521 ’
1877 539 2035 567 speciosam.

1102 580 1188 614 filius
1203 580 1320 614 lonnes
1337 576 1643 624 Baptistzftasagna
1654 581 1840 625 praefectus

1103 634 1265 678 generalis
1291 634 1562 677 Congregationis
1585 635 1778 669 elericorum
1794 645 1842 670 re-

1103 687 1262 731 gularium
1286 687 1535 720 Ministrantium
1559 687 1708 729 Infirmis,
1736 689 1838 732 quod,

1103 740 1180 774 lieet
1204 750 1264 784 per
1288 741 1457 784 quamdam
1483 742 1746 776 constitutionem
1769 741 1840 775 feti-

1103 793 1148 826 cis
1172 793 1405 827 recordationis
1437 793 1582 837 Gregorii
1616 795 1680 828 XIV
1703 795 1841 839 praede-

1103 846 1239 880 cessoris
1263 847 1377 886 nostri,
1393 857 1490 890 super
1519 847 1764 882 confirmatione
1792 847 1841 881 in-

1104 900 1204 933 stituti
1230 900 1333 933 dictae
1357 900 1622 944 Congregationis
1647 906 1841 943 emanatam,

1104 953 1288 986 ordinatum
1308 953 1431 993 fuisset,
1444 958 1481 986 ut
1497 954 1610 987 eadem
1627 953 1841 998 Congregatio

1105 1016 1163 1049 per
1177 1016 1277 1039 unum
1291 1006 1489 1049 praetectum
1504 1008 1691 1050 generalem
1713 1012 1745 1040 et
1766 1018 1843 1050 qua·
1858 1008 1866 1015 “

1106 1064 1179 1091 tuor
1203 1059 1407 1092 consultores
1432 1059 1582 1100 idoneos,
1613 1059 1666 1103 qui
1690 1060 1843 1104 perpetui

1105 1117 1222 1151 essent,
1240 1112 1303 1145 hoe
1327 1116 1377 1145 est
1400 1112 1439 1146 ad
1464 1112 1512 1145 sui
1536 1112 1632 1145 vitam
1656 1113 1690 1146 in
1713 1113 1778 1149 suis
1796 1113 1844 1146 os-

1104 1164 1185 1198 ficiis
1209 1165 1389 1209 respective
1415 1165 1580 1206 durarent,
1605 1165 1674 1209 regi
1695 1166 1840 1207 deberet,

1106 1228 1166 1251 nec
1189 1219 1255 1251 ulla
1280 1218 1319 1252 de
1344 1218 1495 1251 fratribus
1521 1218 1612 1252 laicis
1635 1218 1738 1262 ipsius
1763 1218 1845 1253 Con-

1106 1271 1306 1316 gregationis
1323 1271 1363 1304 ad
1381 1271 1486 1304 officia
1498 1273 1719 1305 consultorum
1736 1272 1844 1306 huius-

1106 1326 1194 1359 modi
1212 1325 1371 1369 eligendis
1385 1335 1441 1359 seu
1456 1325 1660 1359 assumendis
1681 1325 1714 1359 in
1731 1326 1843 1360 eadem

1106 1378 1338 1412 constitutione
1362 1378 1484 1412 mentio
1509 1379 1592 1412 sacta
1616 1379 1737 1419 fuisset,
1764 1379 1846 1412 nihi-

1107 1432 1246 1465 lominus
1267 1442 1326 1475 per
1350 1432 1598 1465 constitutiones
1616 1432 1845 1475 Congregatio-

1108 1485 1156 1518 nis
1174 1485 1336 1528 praefatae
1361 1485 1498 1518 subinde
1523 1484 1682 1525 conditas,
1699 1490 1731 1518 et
1755 1495 1771 1517 a
1795 1494 1845 1518 re-

1108 1538 1265 1572 colendae
1290 1537 1465 1570 memoriae
1490 1537 1653 1570 Clemente
1678 1537 1764 1580 Papa
1780 1537 1844 1570 Vllt

1108 1591 1360 1634 praedecessore
1392 1590 1514 1634 pariter
1538 1594 1648 1622 nostro
1674 1589 1846 1623 confirma·

1111 1651 1172 1684 tas,
1198 1645 1352 1686 abrogata
1388 1644 1568 1677 officiorum
1604 1643 1846 1686 perpetuitate,

1110 1698 1295 1742 specialiter
1313 1697 1498 1732 ordinatum
1520 1695 1587 1736 fuit,
1606 1700 1640 1728 ut
1656 1706 1692 1728 ex
1710 1702 1847 1739 quatuor

1110 1750 1354 1784 consultoribus
1381 1749 1554 1793 praedietis
1573 1749 1637 1782 duo
1662 1749 1846 1782 sacerdotes

1111 1809 1142 1836 et
1167 1804 1231 1836 duo
1265 1803 1381 1835 fratres
1417 1802 1491 1835 laici
1524 1802 1742 1844 eligerentur;
1775 1811 1847 1834 cum

1111 1856 1197 1889 enim
1223 1855 1431 1900 praecipuum
1458 1855 1560 1888 dictae
1578 1854 1848 1898 Congregationis

1111 1909 1295 1942 institutum
1312 1908 1353 1941 sit
1368 1907 1583 1941 ministerium
1609 1908 1779 1951 spirituale
1795 1918 1848 1941 cu-

1111 1962 1245 1995 rationis
1265 1961 1455 2000 animarum,
1471 1959 1574 2004 quod²
1592 1960 1631 1993 ad
1650 1961 1847 2001 sacerdotes,

1112 2015 1339 2048 secundarium
1372 2024 1448 2047 vero
1481 2013 1694 2047 ministerium
1719 2013 1848 2047 miseri-

1113 2068 1242 2102 cordiae
1257 2066 1434 2112 corporalis
1449 2066 1583 2100 infirmis
1597 2066 1848 2110 impendendae,

1151 2168 1160 2193 1
1185 2165 1268 2193 Huius
1284 2165 1506 2201 Congregationis
1520 2164 1614 2200 regula
1628 2164 1785 2192 confirmata
1800 2164 1852 2192 fuit

1115 2221 1129 2239 a
1149 2212 1277 2245 Gregorio
1297 2211 1355 2238 XIV
1377 2211 1483 2238 constit.
1505 2211 1549 2237 ed.
1570 2217 1669 2244 mnxffl,
1690 2209 1733 2237 die
1752 2210 1780 2237 21
1806 2217 1851 2237 se-

1115 2256 1256 2293 ptembris,
1278 2256 1372 2291 pontif.
1391 2265 1409 2288 ι,
1431 2258 1457 2282 et
1476 2255 1574 2282 deinde
1593 2255 1738 2282 reformata
1757 2263 1773 2281 a
1791 2254 1852 2282 Cle-

1116 2305 1205 2328 mente
1224 2300 1280 2327 Vltl
1301 2300 1400 2327 constit
1419 2300 1463 2327 ed.
1484 2307 1549 2335 MDC,
1571 2300 1614 2327 die
1634 2300 1667 2326 29
1687 2299 1851 2334 decembris,

1118 2345 1211 2382 pontif.
1228 2352 1249 2372 ιε
1267 2345 1300 2372 ab
1320 2344 1473 2372 Alexandro
1490 2344 1551 2379 Vll,
1568 2348 1654 2372 const.
1671 2344 1715 2371 ed.
1731 2350 1852 2376 MDCLXlt,

1117 2391 1160 2417 die
1179 2391 1194 2416 6
1215 2389 1376 2423 decembris,
1398 2389 1493 2425 pontif.
1514 2386 1715 2421 vni,statutum
1734 2388 1785 2415 fuit
1799 2389 1853 2415 cle-

1118 2436 1188 2463 ricos
1204 2435 1398 2470 praeferendos
1418 2443 1477 2462 esse
1496 2434 1571 2461 laicis
1590 2434 1716 2461 omnibus
1735 2433 1761 2461 in
1790 2433 1853 2460 fun-

1118 2481 1262 2513 ctionibus,
1283 2485 1309 2507 et
1328 2480 1362 2506 ab
1384 2479 1538 2507 Innocentio
1558 2479 1601 2506 ΧΗ
1622 2479 1702 2506 iidem
1723 2478 1782 2505 laici
1797 2478 1854 2513 pri-

1121 2525 1170 2551 vati
1191 2525 1265 2552 suere
1294 2533 1357 2552 voce
1386 2525 1470 2551 activa
1490 2528 1516 2550 et
1543 2523 1661 2559 passiva,
1682 2523 1787 2550 constit.
1809 2523 1853 2549 ecl.

1120 2576 1255 2601 tintzxcvn,
1275 2569 1317 2594 die
1337 2569 1371 2594 20
1390 2568 1506 2603 augusti,
1529 2567 1620 2603 pontif.
1642 2573 1687 2593 vit.

1156 2615 1170 2640 :2
1193 2613 1260 2640 Edit.
1279 2613 1358 2640 Maia.
1377 2614 1440 2647 legit
1461 2621 1514 2650 quo
1532 2621 1578 2649 pro
1595 2612 1668 2648 quod
1682 2614 1719 2648 (n.
1736 2612 1785 2646 L).

1841 207 1890 236 An.
1911 208 1941 237 C.
1959 208 2026 237 ¹684
