2111 3157
0 211 15 228 ι.
32 200 59 229 C.
83 200 162 228 1681

2 1256 87 1278 Accedit
101 1262 157 1278 eom-

0 1283 80 1303 nudatio
101 1284 156 1310 rogis
170 1300 176 1305 .

3 1308 81 1331 tholici.

46 2510 156 2536 Concessio

0 2537 91 2559 nuncin.

751 200 967 224 INNOCENTWS
988 201 1018 224 XI
1044 201 1091 224 ΙΨ.

1575 189 1639 223 309

160 259 221 284 nae
251 248 366 283 studiis
399 247 610 289 incumbant,
638 257 672 281 se
703 249 917 293 conse1·ant;]
939 247 1213 287 Praedicatorum,
1248 258 1264 279 a
1289 251 1464 279 memorato
1486 246 1675 280 Innocentio

161 313 199 336 ac
214 302 352 347 proinde
368 301 547 346 plurimum
564 301 716 344 expedire
737 301 894 341 videatur,

163 360 197 388 ut
229 354 394 388 academia
417 354 561 397 praefata
587 354 620 386 in
644 353 804 397 publicam
830 358 897 385 stu-

163 408 207 441 dii
225 409 385 451 generalis
402 407 652 447 universitatem,
672 407 710 439 ad
725 407 797 446 1100,
814 411 849 438 ut
865 406 897 438 in

163 461 202 494 ea
216 461 298 493 sacri
323 470 463 493 canones
482 465 513 493 et
530 460 618 502 leges
640 458 765 498 civiles,
781 468 816 491 ac
833 468 898 490 me-

164 514 270 547 dicina
300 513 502 553 huiusmodi,
532 522 668 557 quorum
700 510 835 543 scientia
859 510 920 542 ad·

162 565 247 599 bene
262 570 407 600 ornatam
423 564 656 608 rempublicam
675 563 770 596 etiam
789 572 900 595 neces-

166 619 251 653 saria
275 624 332 659 est,
358 617 485 662 publice
510 616 631 655 doceri,
655 615 835 658 harumque
857 615 900 646 sa-

165 673 322 706 eultatum
345 670 518 704 cathedrae
543 680 560 702 a
583 668 733 712 personis
757 668 900 700 saecula-

163 725 256 758 ribus
298 723 411 767 peritis
450 721 614 764 regendae
654 720 899 754 benefactorum

164 777 310 820 impensa
333 775 452 809 ibidem
477 775 558 817 erigi
579 778 611 807 et
633 773 750 816 gradus
774 773 901 806 schola-

164 829 233 863 stici
251 828 437 862 earumdem
451 827 636 860 facultatum
654 825 805 858 studiosis
829 830 901 868 post

163 886 294 924 peracta
317 879 495 914 studiorum
512 878 671 911 curricula
691 878 830 911 conferri
849 888 900 910 va-

164 934 266 973 leant,
292 932 333 965 ad
356 931 457 964 instar
487 931 638 964 Limanae
664 935 697 963 et
720 930 900 963 Mexicanac

165 985 407 1018 universitatum
432 984 656 1027 praefatarum,
673 984 825 1026 erigatur:
845 994 900 1016 no-

164 1038 215 1070 bis
239 1043 412 1082 propterea
437 1037 539 1070 dictus
565 1037 749 1080 Alphonsus
776 1035 901 1068 humili-

168 1096 217 1124 ter
240 1090 417 1134 supplicari
444 1089 520 1122 fecit
535 1094 569 1121 ut
587 1089 619 1122 in
636 1088 824 1132 praemissis
844 1099 902 1131 op-

165 1148 306 1186 portune
330 1141 503 1186 providere
523 1147 556 1174 et
573 1147 609 1174 ut
632 1141 716 1174 infra
732 1141 901 1183 indulgeri:

167 1195 207 1228 de
232 1194 432 1237 benignitate
456 1194 635 1236 apostolica
659 1193 876 1236 dignaremur.

210 1247 226 1290 ξ
249 1247 281 1280 3.
307 1246 371 1280 Nos
389 1246 495 1288 igitur,
513 1246 694 1278 incolarum
714 1245 851 1278 civitatis
869 1251 901 1278 et

167 1299 346 1334 insularum
364 1298 581 1342 praefatarum
598 1298 784 1338 commodis,
803 1308 902 1341 quan-

167 1359 235 1385 tum
259 1362 330 1385 cum
353 1351 490 1384 Domino
514 1360 695 1394 possumus,
721 1352 899 1390 consulere,

166 1405 353 1448 dictumque
384 1404 584 1447 Alphonsum
614 1403 762 1447 specialis
792 1403 901 1436 favore

167 1457 289 1499 gratiae
324 1456 477 1500 prosequi
514 1457 683 1495 volentes,
716 1460 749 1488 et
780 1466 798 1488 a
829 1455 923 1498 qui-r

166 1508 276 1542 busvis
311 1508 670 1549 excommunicationis,
710 1508 902 1551 suspensio-

167 1561 219 1595 nis
245 1566 278 1594 et
303 1561 483 1601 interdicti,
509 1561 647 1603 aliisque
672 1560 900 1594 ecclesiasticis

166 1613 349 1653 sententiis,
379 1613 522 1646 censuris
556 1617 588 1645 et
618 1613 745 1655 poenis,
780 1623 797 1645 a
831 1612 901 1645 iure

167 1667 220 1699 vel
250 1666 290 1698 ab
322 1665 471 1704 homine,
509 1665 618 1708 quavis
647 1665 815 1698 occasione
851 1666 901 1698 vel

168 1719 264 1751 causa
289 1718 370 1757 latis,
388 1718 412 1750 si
438 1717 555 1760 quibus
581 1717 825 1760 quomodolibet
854 1717 902 1750 in-

164 1768 304 1808 nodatus
322 1770 439 1810 existit,
461 1769 499 1802 ad
512 1769 661 1803 effectum
678 1770 901 1813 praesentium

168 1823 333 1857 dumtaxat
359 1822 643 1864 consequendum,
670 1822 785 1855 harum
816 1823 901 1855 serie

168 1875 375 1910 absolventes
405 1880 436 1908 et
468 1874 649 1907 absolutum
673 1874 742 1908 sore
766 1885 902 1908 censen-

167 1933 240 1969 tes,
267 1926 454 1961 huiusmodi
488 1927 779 1970 supplicationibus
811 1928 903 1962 incli-

166 1980 245 2021 nati,
263 1981 302 2014 de
319 1979 552 2014 venerabilium
571 1980 703 2013 fratrum
719 1986 902 2014 nostrorum

166 2034 196 2069 S.
216 2034 253 2067 R.
273 2033 308 2067 E.
328 2032 542 2067 cardinalium
567 2033 706 2076 negotiis
723 2044 905 2078 propagan-

167 2087 226 2121 dae
251 2086 326 2120 fidei
351 2086 615 2130 praepositorum
633 2087 779 2126 consilio,
803 2092 835 2120 et
858 2092 905 2120 at-

167 2145 262 2176 tento
285 2139 373 2182 quod
405 2138 540 2182 praefati
564 2138 725 2182 Alphonsi
756 2139 907 2172 instantia

164 2192 353 2227 huiusmodi
378 2202 395 2224 a
416 2192 535 2225 dilecto
560 2190 627 2225 filio
646 2192 747 2225 nobili
766 2193 833 2226 viro
851 2193 908 2226 Ga-

166 2255 267 2290 spare
286 2245 325 2278 de
352 2244 437 2278 Haro
456 2255 474 2288 y
491 2243 642 2285 Gusman‚
660 2245 848 2279 marchione
869 2246 908 2278 de

168 2297 297 2341 Carpio,
322 2296 479 2330 carissimi
504 2296 536 2328 in
561 2295 688 2329 Christo
719 2296 777 2330 filii
805 2298 907 2331 nostri

167 2349 271 2383 Caroli
298 2349 526 2393 Hispaniarum
550 2349 636 2392 regis
654 2349 805 2383 catholici
822 2352 907 2394 apud

169 2412 230 2436 nos
253 2406 286 2436 et
302 2401 418 2436 Sedem
436 2401 655 2446 Apostolicam
672 2406 810 2444 oratore,
830 2404 907 2437 eius-

169 2455 244 2489 dem
267 2454 371 2489 Caroli
403 2455 488 2499 regis
522 2454 652 2488 nomine
683 2457 906 2490 commendata

166 2506 243 2549 fuit,
269 2507 464 2542 academiam
495 2508 529 2541 in
553 2507 740 2552 supradicto
768 2509 905 2552 collegio

167 2560 202 2596 S.
238 2560 380 2595 Thomae
423 2561 560 2595 civitatis
602 2561 744 2595 Monilan
778 2561 904 2596 Ordinis

937 301 1187 343 praedecessore
1218 301 1256 333 ad
1290 300 1563 343 supplicationem
1589 310 1678 343 prae-

938 353 992 385 fati
1018 354 1159 397 Philippi
1185 355 1270 397 regis
1296 359 1448 394 erectam,
1474 358 1509 385 ut
1537 353 1676 396 praefer.

940 411 1009 446 tur,
1035 406 1066 438 in
1090 407 1254 450 publicam
1289 406 1385 439 studii
1419 406 1580 448 generalis
1610 406 1677 438 uni-

939 459 1132 500 versitatem,
1158 459 1190 491 in
1217 471 1279 503 qua
1303 460 1398 493 etiam
1433 460 1512 492 sacri
1537 469 1675 492 canones

940 522 975 543 ac
988 512 1076 554 leges
1090 511 1198 545 civiles
1213 518 1244 545 et
1259 512 1420 545 medicina
1437 512 1565 555 publice
1585 522 1678 555 prae-

941 564 1004 606 legi
1030 569 1061 596 et
1096 565 1218 605 doceri,
1249 565 1430 607 harumque
1469 565 1674 597 scientiarum

941 616 1004 649 sive
1020 617 1204 649 facultatum
1218 618 1400 657 cathedrae,
1415 628 1432 649 a
1449 617 1595 660 personis
1612 628 1677 650 sae-

941 669 1102 702 cularibus
1127 669 1289 702 habilibus
1314 675 1346 702 et
1370 669 1495 701 idoneis
1514 670 1673 711 regendae

942 726 971 753 et
995 721 1208 762 obtinendae,
1233 721 1358 754 fundari
1383 726 1414 753 et
1445 720 1569 754 institui
1592 723 1675 755 vale-

942 778 1004 811 ant,
1023 773 1062 805 ad
1080 773 1180 806 instar
1199 773 1413 816 praefatarum
1433 772 1675 807 universitatum

942 826 1091 859 Limanae
1116 831 1147 859 et
1170 826 1361 866 Mexicanae,
1386 826 1576 859 auctoritate
1599 837 1675 870 apo-

942 878 1065 919 stolica,
1090 883 1202 912 tenore
1227 878 1458 922 praesentium,
1475 878 1546 911 sine
1569 878 1676 911 cuius-

941 942 1078 975 cumque
1103 933 1235 965 alterius
1259 931 1475 965 universitatis
1503 931 1599 964 studii
1624 942 1675 974 ge-

943 985 1060 1018 neralis
1078 985 1288 1028 praeiudicio,
1307 985 1462 1028 erigimus
1488 985 1675 1018 etinstitui-

920 1041 1026 1088 {must
1052 1038 1095 1070 ita
1129 1044 1237 1070 tamen
1277 1044 1312 1070 ut.
1343 1037 1532 1070 universitas
1565 1037 1674 1070 huius-

943 1091 1029 1124 modi
1054 1091 1098 1123 sic
1123 1096 1229 1124 erecta
1261 1096 1293 1123 et
1323 1090 1488 1130 instituta,
1515 1091 1619 1124 donec
1643 1097 1675 1124 et

920 1173 923 1197 ὅ
943 1154 1110 1186 quousque
1124 1143 1186 1176 alia
1203 1143 1332 1186 publica
1345 1143 1534 1176 universitas
1547 1148 1675 1186 aposto-

942 1196 1004 1228 lica
1028 1201 1059 1228 et
1082 1196 1198 1238 regalis
1223 1196 1262 1228 ad
1291 1196 1426 1228 sormam
1458 1196 1553 1229 modo
1578 1196 1675 1228 dicta-

942 1258 1013 1280 rum
1035 1247 1289 1287 universitatum,
1309 1253 1341 1280 et
1364 1258 1430 1281 non
1450 1248 1553 1287 aliter,
1570 1249 1673 1281 autin

942 1300 1052 1332 cadem
1078 1299 1204 1332 civitate
1229 1300 1377 1340 Manilan,
1402 1300 1507 1333 autin
1531 1301 1603 1334 aliis
1628 1312 1675 1334 re-

944 1352 1013 1394 gnis
1036 1352 1244 1385 vicinioribus
1269 1357 1474 1385 construatur
1491 1363 1547 1386 seu
1571 1353 1675 1396 eriga-

946 1415 994 1444 ur,
1013 1405 1178 1437 dumtaxat
1194 1405 1310 1437 durare
1336 1405 1476 1446 debeat;
1503 1416 1539 1438 ac
1564 1407 1674 1440 eidem

942 1457 1144 1490 universitati
1157 1456 1252 1489 studii
1270 1457 1444 1500 generalis,
1458 1458 1504 1490 sic
1519 1469 1675 1501 perprae-

942 1515 1049 1542 scntes
1085 1515 1210 1542 erectae
1247 1515 1278 1542 et
1313 1510 1496 1550 Institutae‚
1522 1510 1674 1554 illiusque

942 1563 1069 1603 rectori,
1083 1562 1255 1604 magistris,
1274 1563 1472 1603 doctoribus,
1490 1564 1673 1603 lectoribus,

943 1615 1220 1658 praeceptoribus,
1235 1615 1446 1655 scholaribus,
1459 1618 1676 1658 procuratori-

943 1667 1169 1707 hus‚bidellis,
1195 1667 1333 1707 nunciis,
1358 1668 1537 1710 ceterisque
1563 1669 1676 1702 officia·

942 1719 1042 1759 libus,
1068 1719 1223 1752 ministris
1249 1724 1281 1752 et
1304 1720 1452 1762 personis
1477 1720 1677 1764 quibuscum-

943 1782 1004 1815 que
1028 1782 1086 1815 pro
1112 1777 1255 1815 tempore
1280 1772 1501 1813 existentibus,
1518 1778 1552 1805 ut
1575 1775 1678 1807 omni-

942 1824 1001 1857 bus
1042 1829 1074 1858 et
1113 1824 1247 1866 singulis
1283 1824 1482 1867 privilegiis,
1518 1825 1676 1866 indultis,

944 1877 1157 1917 libertatibus,
1182 1877 1448 1919 immunitatibus,
1474 1879 1678 1923 exemptioni-

923 1963 924 1971 ,
943 1930 1014 1970 bus,
1032 1930 1206 1971 favoribus,
1224 1930 1345 1972 gratiis,
1362 1932 1600 1974 praerogativis,
1620 1933 1679 1966 ho-

923 2019 924 2022 *
944 1983 1079 2016 neribus
1101 1988 1131 2016 et
1154 1983 1429 2026 praeeminentiis,
1455 1985 1573 2027 quibus
1586 1995 1681 2027 prae·

945 2037 1027 2069 satae
1039 2036 1264 2069 universitates
1284 2036 1463 2070 studiorum
1480 2039 1680 2080 generalium

946 2090 1096 2122 Limanae
1113 2094 1143 2122 et
1167 2089 1356 2129 Mexicanae,
1380 2090 1510 2122 illarum
1526 2096 1679 2131 rectores,

948 2142 1105 2185 magistri,
1131 2142 1288 2181 doctores,
1316 2142 1466 2182 lectores,
1491 2148 1682 2186 praecepto-

950 2205 1021 2235 res,
1047 2195 1213 2227 scholares
1231 2219 1238 2233 ,
1271 2198 1515 2236 procuratores,
1545 2194 1680 2236 bidelli,

950 2247 1078 2287 nuncii,
1105 2246 1269 2289 ceterique
1292 2246 1459 2287 officialeS,
1484 2247 1623 2281 ministri
1650 2254 1684 2282 et.

949 2310 1108 2344 personae
1125 2309 1345 2342 quaecumque
1356 2300 1546 2343 respective,
1567 2305 1627 2334 tam
1644 2302 1684 2336 de

950 2353 1027 2393 iure,
1052 2363 1112 2385 usu
1147 2357 1178 2385 et
1201 2350 1433 2384 consuetudine
1448 2377 1456 2392 ,
1484 2362 1582 2396 quam
1605 2354 1684 2387 alias

950 2405 1193 2449 quomodolibet
1215 2408 1359 2443 utuntur,
1380 2405 1547 2449 potiuntur
1567 2411 1597 2439 et
1613 2417 1685 2450 gau.

949 2458 1033 2498 dent,
1060 2468 1095 2490 ac
1118 2458 1174 2497 uti,
1193 2456 1255 2490 srui
1280 2461 1311 2489 et
1335 2458 1476 2500 gaudere
1500 2465 1638 2501 possunt
1654 2464 1687 2493 et

948 2515 1104 2553 poterunt
1128 2510 1161 2543 in
1185 2510 1339 2551 futurum,
1366 2520 1433 2543 non
1458 2511 1562 2544 solum
1580 2511 1618 2544 ad
1637 2522 1688 2545 eo-

948 2573 1019 2596 rum
1043 2563 1156 2605 instar,
1173 2563 1230 2597 sed
1255 2562 1351 2597 etiam
1377 2573 1478 2608 aeque
1504 2563 1689 2608 principale

1684 199 1730 225 Au.
1750 198 1778 225 C.
1802 200 1862 227 ¹681
1903 223 1906 226 1
