2111 3157
8 163 55 189 Αη.
76 159 105 187 C.
124 159 189 187 ¹682

31 1161 150 1182 clausulae.

37 1943 187 1965 Contrariorum

13 1969 124 1995 derogatio.

775 158 988 184 INNOCENTIUS
1009 160 1038 182 x1
1063 159 1113 183 PP.

196 209 248 242 SS.
272 208 513 242 Sacramentum
532 209 634 251 possit
658 209 771 241 eodem
796 208 847 240 die
872 218 928 249 pu-

196 262 279 294 blice
305 261 422 304 exponi
447 262 479 294 in
502 261 649 304 pluribus
674 260 826 293 altaribus
844 259 927 292 eius-

196 315 269 347 dem
293 314 471 354 ecclesiae,
498 325 558 347 nec
593 319 767 356 postquam
795 312 829 344 in
861 322 925 343 uno

196 367 290 400 altari
315 368 498 410 expositum
522 367 628 405 suerit,
646 366 685 398 ad
710 365 797 397 aliud
815 365 923 402 altare,

195 424 231 452 ut
261 420 306 452 ibi
338 419 458 462 pariter
485 424 685 462 exponatur,
712 415 924 458 transportari

198 474 312 506 valeat.
339 472 427 510 Quod
444 472 469 504 si
494 482 584 504 sacra
608 470 789 503 communio
811 469 924 501 codem

197 531 343 568 tempore
375 534 437 567 quo
457 523 508 556 SS.
533 523 774 556 Sacramentum
799 520 925 563 exposi-

196 584 262 610 tum
288 577 330 609 sit
353 575 606 609 administranda
625 574 732 613 suerit,
758 573 790 606 id
813 572 868 605 fiat
891 572 923 604 in

196 629 289 662 altari
313 628 458 666 diverso,
480 627 636 659 sumendo
661 625 714 659 SS.
736 625 924 657 Sacramen-

196 686 263 714 tum
291 691 328 713 ex
359 679 501 719 ciborio,
527 685 558 712 et
581 678 672 710 finita
695 676 922 710 communione

194 739 371 777 reponatur
402 733 436 764 in
466 732 684 771 tabernaculo,
710 735 765 762 aut
788 729 832 761 ita
854 730 923 761 velo

195 791 330 828 tegatur,
348 790 383 817 ut
399 784 542 827 conspici
563 794 630 816 non
646 782 759 826 possit.
777 781 923 824 Denique

194 838 280 872 circa
303 838 388 871 idem
413 837 466 870 SS.
492 837 745 875 Sacramentum,
770 835 846 867 dum
871 844 925 866 ex-

194 890 336 933 positum
360 890 467 929 suerit,
491 890 631 922 debeant
653 888 767 921 ardere
792 892 865 920 ante
889 888 925 920 il-

195 943 250 977 lud
275 942 427 976 continuo
445 943 558 975 saltem
578 942 689 974 decem
712 941 864 974 candelae
886 952 923 973 ex

195 997 268 1029 cera
299 995 457 1034 candida,
482 999 513 1027 et
543 995 665 1037 pariter
695 993 816 1026 ibidem
847 994 925 1026 assi-

196 1054 280 1081 stere
297 1049 418 1091 absque
442 1046 684 1080 intermissione
704 1047 766 1080 duo
781 1047 924 1089 religiosi

196 1099 367 1143 genuflexi.

239 1153 254 1195 g
278 1152 310 1184 2.
328 1152 549 1185 Decernentes
578 1152 705 1185 easdem
734 1158 925 1195 praesentes

194 1205 320 1238 litteras
344 1214 473 1247 semper
489 1204 607 1244 firmas,
632 1204 754 1236 validas
777 1205 927 1237 eteffica—

195 1268 249 1291 ces
273 1257 410 1290 existere
436 1262 469 1289 et
493 1257 574 1297 sore,
595 1267 735 1299 suosque
759 1257 925 1299 plenarios

194 1315 227 1343 et
249 1310 396 1352 integros
421 1308 552 1342 ess'ectus
570 1309 679 1342 sortiri
705 1314 738 1342 et
761 1309 925 1349 obtinere,

194 1373 231 1395 ac
261 1362 336 1403 illis,
367 1361 407 1394 ad
439 1371 520 1404 quos
549 1366 674 1404 spectat
702 1367 733 1394 et
760 1372 819 1404 pro
847 1366 928 1394 tem-

194 1425 274 1458 pore
291 1414 459 1458 spectabit,
479 1414 511 1446 in
528 1414 677 1447 omnibus
698 1419 730 1447 et
745 1425 803 1457 per
820 1414 927 1447 onmia

195 1467 386 1510 plenissime
419 1465 599 1508 suffragari,
626 1472 657 1499 et
680 1466 720 1498 ab
746 1466 792 1499 eis
818 1477 928 1509 respe-

196 1520 276 1551 ctive
316 1518 548 1551 inviolabiliter
585 1519 749 1551 observari
769 1545 776 1558 ,
820 1518 928 1561 sicque

196 1573 229 1604 in
254 1571 444 1614 praemissis
471 1581 529 1612 per
553 1582 775 1614 quoscumque
806 1570 929 1603 iudices

197 1624 380 1657 ordinarios
397 1629 429 1656 et
445 1623 622 1665 delegatos,
642 1623 736 1655 etiam
762 1634 928 1656 causarum

197 1675 306 1719 palatii
331 1675 501 1718 apostolici
526 1675 709 1714 auditores,
734 1675 868 1708 iudicari
900 1682 931 1709 et

197 1728 324 1761 deliniri
349 1728 489 1767 debere,
515 1738 551 1760 ac
575 1727 703 1761 irritum
728 1733 761 1761 et
783 1729 878 1762 inane
904 1729 929 1762 si

197 1789 291 1813 secus
314 1790 411 1823 super
436 1780 486 1812 his
511 1791 529 1812 a
553 1791 723 1823 quoquam,
743 1781 852 1823 quavis
876 1792 931 1814 au-

197 1834 359 1873 ctoritate,
383 1833 524 1866 scienter
541 1834 589 1866 vel
613 1833 812 1876 ignoranter,
830 1835 932 1867 conti-

197 1886 282 1929 gerit
301 1886 465 1919 attentari.

242 1939 257 1982 ᾗ
286 1939 317 1972 3.
347 1939 416 1972 Non
450 1938 650 1972 obstantibus
678 1939 872 1982 praemissis,
897 1950 933 1973 ac

199 1990 398 2034 apostolicis,
425 1996 457 2023 et
481 1992 513 2023 in
542 1991 776 2024 universalibus
801 1992 932 2034 provin-

199 2044 398 2086 cialibusque
423 2043 569 2076 conciliis
594 2044 699 2083 editis,
726 2045 931 2086 generalibus
952 2048 954 2055 ’

198 2096 248 2128 vel
265 2095 469 2138 specialibus,
487 2095 771 2129 constitutionibus
796 2102 828 2128 et
851 2097 933 2129 ordi·
953 2086 954 2097 ἶ

197 2147 396 2187 nationibus,
411 2157 535 2180 necnon
551 2148 724 2190 quibusvis,
740 2149 834 2181 etiam
851 2149 933 2182 iura-

197 2205 319 2240 mento,
335 2199 581 2233 confirmatione
594 2200 780 2243 apostolica,
794 2202 844 2234 vel
858 2212 933 2244 qua-

198 2252 246 2285 vis
269 2251 420 2284 firmitate
445 2252 506 2284 alia
529 2252 710 2292 roboratis,
741 2253 866 2286 statutis
902 2260 933 2286 et

199 2304 501 2342 consuetudinibus,
521 2304 699 2347 privilegiis
725 2315 867 2348 quoque,
883 2306 933 2339 in-

200 2355 297 2390 dultis
310 2361 342 2389 et
354 2356 471 2389 litteris
485 2356 672 2399 apostolicis
686 2356 720 2389 in
733 2357 932 2391 contrarium

200 2408 450 2452 praemissorum
474 2408 721 2452 quomodolibet
745 2410 908 2442 concessis
923 2437 930 2450 ,

201 2460 397 2494 confirmatis
422 2466 454 2494 et
478 2461 657 2501 innovatis;
684 2461 799 2504 quibus
833 2463 933 2495 omni—

201 2513 260 2546 bus
279 2519 311 2546 et
327 2513 470 2557 singulis,
489 2515 620 2548 illorum
642 2519 771 2548 tenores
784 2525 933 2560 praesen-

968 207 1052 239 tibus
1078 217 1136 249 pro
1161 207 1254 249 plene
1279 211 1310 239 et
1327 206 1524 239 sufficienter
1541 206 1698 248 expressis

968 270 1004 291 ac
1028 260 1066 291 de
1091 260 1190 291 verbo
1215 259 1253 291 ad
1277 260 1410 292 verbum
1426 258 1556 291 insertis
1582 258 1704 290 haben.

970 317 1023 350 tes,
1042 312 1105 344 illis
1122 312 1200 344 alias
1215 312 1246 343 in
1264 322 1322 344 suo
1337 312 1453 344 robore
1466 311 1696 354 permansuris,

968 363 1006 395 ad
1020 364 1270 405 praemissorum
1284 362 1442 403 effectum,
1459 363 1519 395 hac
1532 363 1599 395 vice
1612 363 1698 395 dum-

969 420 1059 455 taxat,
1074 415 1259 458 specialiter
1270 421 1301 448 et
1316 426 1468 458 expresse
1483 416 1697 457 dcrogamus3

966 468 1146 510 ceterisque
1170 468 1339 500 contrariis
1366 468 1634 511 quibuscumque.

1010 520 1080 561 §ln
1113 520 1265 552 Volumus
1300 526 1407 552 autem
1440 525 1475 551 ut
1510 521 1697 553 earumdem

966 571 1187 614 praesentium
1205 572 1386 603 litterarum
1401 572 1621 613 transumptis,
1643 582 1699 604 seu

965 624 1134 666 exemplis,
1159 623 1254 656 etiam
1285 623 1463 665 impressis,
1484 633 1580 654 manu
1603 624 1700 655 alicu-

965 676 1015 709 ius
1041 675 1160 708 notarii
1183 675 1306 718 publici
1326 674 1526 717 subscriptis,
1544 681 1576 706 et
1590 675 1698 717 sigillo

964 739 1127 772 personae
1154 729 1187 760 in
1211 728 1428 761 ecclesiastica
1445 728 1601 769 dignitate
1624 738 1701 760 con-

965 782 1092 814 stitutae
1128 780 1273 818 munitis,
1309 781 1421 813 eadem
1452 790 1587 822 prorsus
1620 779 1699 812 sides

966 840 1029 867 tam
1059 834 1092 866 in
1123 833 1242 866 iudicio
1273 843 1368 875 quam
1400 837 1488 864 extra
1519 831 1598 864 illud
1628 832 1700 864 ubi-

967 897 1028 930 que
1057 888 1202 919 locorum
1227 885 1394 923 habeatur,
1414 895 1495 927 quae
1521 884 1700 916 haberetur

965 940 1046 982 ipsis
1078 938 1303 982 praesentibus
1340 938 1366 970 si
1395 938 1500 970 forent
1535 936 1700 969 exhibitae

966 993 1014 1025 vel
1032 997 1194 1024 ostensae.

1010 1045 1122 1076 Datum
1147 1044 1278 1081 Romae,
1305 1043 1388 1085 apud
1415 1042 1446 1075 S.
1474 1043 1614 1080 Petrum,
1639 1043 1699 1075 sub

967 1099 1087 1130 annulo
1105 1096 1287 1135 Piscatoris,
1299 1096 1350 1128 dic
1365 1106 1402 1129 xx
1419 1095 1493 1127 maii
1515 1105 1700 1134 nnchxxit,

968 1150 1177 1193 pontificatus
1206 1149 1308 1181 nostri
1333 1158 1419 1180 anno
1441 1158 1483 1180 vi.

1004 1211 1060 1237 Dat.
1077 1210 1121 1237 die
1135 1210 1170 1237 20
1189 1209 1252 1236 maii
1273 1210 1353 1242 1682,
1369 1209 1465 1243 pontis.
1486 1216 1556 1235 anno
1574 1214 1608 1235 vt.

1283 1349 1385 1383 CXIII.

971 1430 1190 1471 Confirmalur
1223 1427 1393 1468 Pontificis
1424 1426 1603 1465 decretum,
1639 1437 1702 1469 quo

1012 1483 1111 1515 velita
1134 1483 1198 1524 fuit
1222 1480 1426 1513 conventibus
1452 1480 1703 1513 Car-melz'mrums

1015 1534 1281 1576 Coum-equisonis
1305 1533 1505 1565 Mantuanae
1528 1532 1637 1563 electio
1656 1542 1704 1562 so-

1014 1589 1134 1619 ciorum
1163 1587 1205 1618 ad
1235 1585 1385 1628 syencrace
1419 1584 1603 1626 capitulum
1628 1584 1703 1614 mil-

1016 1639 1191 1671 lendorum.

1160 1716 1354 1744 Innocentius
1375 1717 1452 1749 Papa
1471 1717 1520 1744 XI.

1084 1763 1119 1790 ad
1140 1765 1316 1796 perpetuam
1339 1761 1383 1787 rei
1408 1761 1591 1787 memoriam.

1017 1834 1030 1876 ς
1048 1832 1078 1865 1.
1097 1831 1175 1865 Cum
1192 1831 1286 1864 nobis
1301 1830 1506 1869 innotuisset,
1522 1830 1553 1862 in
1568 1830 1707 1871 Congre-

973 1887 1103 1928 gationc
1119 1885 1286 1918 Mantuaua
1299 1884 1433 1916 fratrum
1447 1882 1574 1915 Ordinis
1589 1883 1705 1914 Bcatac

974 1938 1087 1971 Mariae
1120 1937 1258 1979 Virginis
1291 1937 1330 1968 de
1361 1936 1466 1968 Monte
1498 1935 1643 1968 Carmelo
1669 1944 1706 1966 cx

974 1990 1175 2034 praescripto
1206 1988 1473 2021 constitutionum
1506 1987 1606 2030 ipsius
1630 1987 1707 2019 Cou-

974 2042 1169 2085 greg-ationis
1195 2040 1326 2079 servari,
1352 2045 1387 2072 ut
1411 2039 1547 2082 quilibet
1572 2049 1706 2072 conven-

974 2102 1045 2134 tus,
1070 2095 1102 2127 in
1134 2104 1196 2136 quo
1229 2104 1282 2126 sex
1307 2093 1422 2125 fratres
1448 2092 1478 2124 in
1503 2102 1593 2124 sacro
1618 2103 1708 2134 pres-

973 2150 1138 2191 hyteratus
1170 2147 1282 2180 ordine
1319 2146 1483 2178 constituti
1516 2145 1554 2177 de
1588 2145 1708 2178 familia

974 2201 1172 2239 residerent,
1200 2209 1292 2231 suum
1320 2199 1458 2240 eligeret
1481 2197 1602 2230 socium
1619 2225 1626 2238 ‚
1653 2198 1707 2241 qui

974 2254 1011 2286 ad
1041 2252 1217 2295 capitulum
1250 2251 1401 2293 generale
1431 2250 1535 2283 dictae
1568 2250 1708 2293 Congre-

974 2305 1114 2348 gationis
1139 2304 1329 2342 accederet,
1362 2302 1396 2335 in
1428 2313 1531 2345 eoque
1556 2303 1620 2336 voti
1642 2303 1708 2336 sive

975 2357 1116 2399 sulti-agii
1142 2355 1380 2400 prerogativam
1406 2356 1563 2396 haberet;
1596 2367 1707 2389 verum

975 2410 1133 2444 eiusmodi
1158 2408 1319 2442 sociorum
1343 2407 1536 2440 electionem
1554 2413 1585 2441 et
1602 2409 1640 2440 ad
1658 2419 1708 2440 ca-

974 2462 1124 2506 pitularia
1156 2461 1285 2494 comitia
1318 2470 1478 2493 accessum
1511 2471 1577 2493 non
1605 2462 1707 2493 solum

973 2515 1137 2560 praefatae
1174 2513 1426 2557 Congregationi
1463 2513 1594 2557 eiusque
1631 2523 1708 2546 con-

1597 149 1661 183 4023
1706 158 1754 184 An.
1777 157 1804 184 c,
1823 156 1889 184 issa

1748 531 1810 551 Fulox
1836 533 1891 551 lmu-

1708 560 1844 584 sumptorum.

1742 1835 1822 1855 moeno
1833 1835 1899 1855 dirto-

1716 1867 1759 1881 rutn
1792 1867 1807 1879 s*
1819 1869 1822 1878 ι
1833 1867 1899 1881 iorum

1717 1890 1780 1907 vetita
1796 1888 1868 1907 rumai.
