2111 3157
207 227 258 255 lin.
278 225 306 254 C.
328 226 396 254 lese
441 217 505 251 7⁶20

228 867 258 889 Da
271 867 343 891 choi-0,
355 866 385 888 le-

201 896 320 918 etmnihus,
344 896 385 914 stu-

202 922 244 943 dio,
259 926 345 945 egressu
366 923 386 939 et

202 950 313 971 caenobio,
337 953 385 967 con-

202 975 298 994 cionibus
309 990 313 997 ,
329 974 386 994 elce.-

202 1007 291 1026 11io>yn¹s
301 1017 305 1023 ,
325 1001 386 1020 aluis-

202 1033 242 1052 que
264 1028 387 1051 pertinenti-

201 1054 240 1074 bus
255 1053 281 1073 ad
304 1054 386 1077 legula-

202 1086 245 1100 τμη)
293 1080 385 1106 discipli·

201 1112 256 1127 uam.

983 219 1162 246 BULLARHJM
1187 219 1339 244 ROMANUM

395 275 595 320 praesideat;
621 273 793 317 antiquitas
827 276 933 305 autem
958 270 1043 303 inter
1067 269 1130 301 fra-
1174 278 1191 300 a
1224 268 1401 310 guardiano
1441 267 1480 301 de
1519 267 1655 301 consilio
1698 268 1910 303 discretorum

397 336 461 362 tres
486 327 661 367 seminarii,
680 333 742 359 tam
760 328 946 369 praesentes
965 333 1061 367 quam
1085 322 1131 354 su-

397 388 493 422 turos,
512 381 688 414 secundum
713 378 832 421 gradus
857 382 889 410 et
905 375 1131 420 praeeminen-

396 435 466 475 tias,
494 435 579 466 iuxta
603 432 728 466 Ordinis
754 435 872 464 statuta
897 429 1062 473 generalia
1079 429 1131 461 hic

395 486 604 531 praescripta,
622 490 758 528 excepta
774 487 993 527 computetur3
1012 482 1066 526 qui
1080 492 1131 514 au-

395 547 458 573 tem
484 540 604 572 nullam
623 538 654 570 in
680 537 820 581 propriis
833 535 1007 579 provinciis
1028 540 1084 568 aut
1100 535 1132 567 in

393 592 566 626 seminario
592 591 775 631 obtinuere,
804 589 934 622 habitus
964 588 1133 632 antiquita-

395 652 460 680 tem
474 651 616 686 servent,
630 645 683 688 qui
695 649 801 677 autem
814 643 1059 686 guardianatum
1072 652 1132 685 per

395 700 570 733 triennium
595 699 799 732 laudabiliter
823 696 1042 736 exercuerint,
1069 696 1132 728 dis-

395 758 499 787 cretos
517 753 601 786 illius
620 751 794 791 seminarii,
814 760 879 784 non
896 760 971 783 vero
989 748 1132 782 commis-

394 807 514 840 sarium
531 806 732 845 missionum,
750 814 878 847 semper
893 803 1099 847 praecedant.

439 859 557 892 Omnes
594 856 899 901 indispensabiliter
927 866 985 898 per
1017 855 1131 888 horam

396 923 469 945 cum
496 911 628 944 dimidia
663 915 777 943 vacent
807 909 947 942 orationi
977 907 1130 945 mentali,

398 965 530 998 dimidia
554 964 676 997 scilicet
695 964 773 996 hora
791 967 866 1006 post
888 961 1028 995 Primam
1054 961 1130 1003 (non

396 1029 473 1051 vero
497 1017 637 1060 amplius
675 1017 716 1049 ob
742 1016 930 1059 frequentes
956 1015 1131 1047 audiendas

399 1071 620 1104 confessiones
661 1075 693 1102 et
729 1069 848 1101 similia
881 1068 1035 1101 exercitia
1067 1078 1133 1100 ma-

397 1123 525 1166 tulina),
552 1123 633 1156 hora
659 1127 767 1154 autem
796 1121 923 1164 integra
947 1126 1021 1164 post
1044 1120 1134 1154 Com-

396 1177 593 1220 pletorium,
632 1176 681 1208 vel
724 1174 787 1208 alia
822 1175 968 1208 fortassis
1005 1185 1130 1218 oppor-

396 1228 526 1269 tuniori,
552 1239 612 1272 pro
645 1233 825 1271 temporum
849 1233 880 1260 et
904 1227 1133 1261 exercitiorum

395 1282 558 1315 varietate.
584 1282 689 1314 Horae
721 1281 895 1314 canonicae
922 1286 1069 1324 tempore
1102 1285 1134 1313 et

394 1338 494 1380 pausa
511 1335 709 1379 competenti
730 1335 843 1368 devote
865 1336 1043 1374 solvantur,
1065 1334 1133 1367 sine

394 1394 490 1422 cantu
516 1393 635 1428 autem,
663 1393 699 1420 ut
722 1389 795 1431 plus
829 1387 986 1431 temporis
1011 1388 1135 1430 impen-

395 1443 490 1475 datur
530 1442 648 1475 studio.
686 1441 860 1474 Dominicis
896 1452 972 1474 vero
1006 1442 1132 1481 diebus,

394 1495 499 1535 festis,
527 1500 559 1528 et
583 1494 741 1535 classivis‚
769 1499 879 1527 cantus
904 1494 1053 1527 adhiberi
1079 1504 1135 1537 po-

396 1548 484 1588 terit,
524 1553 559 1580 ut
583 1546 617 1580 fit
642 1548 727 1590 apud
762 1547 994 1587 Observantes3
1029 1547 1135 1580 cuius-

395 1601 483 1635 modi
510 1601 619 1634 divino
644 1601 764 1640 officio,
788 1600 928 1633 orationi
950 1601 1082 1633 mentali
1105 1606 1135 1633 et

395 1654 513 1687 missae
553 1653 760 1686 conventuali
800 1664 913 1686 omnes
956 1653 1133 1693 assistant,

395 1709 484 1740 nullo
510 1716 645 1750 prorsus
669 1711 822 1749 excepto;
845 1706 1016 1749 cunctique
1034 1717 1136 1739 sacer-

396 1762 489 1794 dotes
514 1759 671 1802 gradatim
695 1759 734 1791 ab
767 1760 840 1802 ipso
875 1760 1052 1802 guardiano
1089 1760 1136 1792 in-

397 1814 517 1847 clusive
543 1813 834 1846 hebdomadarium
859 1818 967 1855 agantt
995 1813 1135 1855 Singulis

397 1867 509 1900 diebus
537 1866 679 1898 habeant
704 1876 763 1908 per
788 1866 865 1897 duas
903 1866 999 1898 horas
1025 1867 1136 1899 lectio-

396 1931 453 1954 nes
490 1925 522 1952 et
561 1918 802 1957 conferentias;
844 1928 904 1961 per
934 1929 1031 1951 unam
1066 1925 1137 1962 post

397 1974 645 2007 conventualem
680 1972 810 2005 missam
847 1972 885 2004 de
926 1972 1061 2005 materia
1096 1973 1136 2006 ad

397 2026 583 2060 exercitium
608 2025 795 2058 missionum
823 2026 1046 2065 conducente,
1080 2036 1137 2058 seu

398 2081 436 2113 de
457 2078 673 2121 intelligentia
690 2078 891 2115 idiomatum.
913 2089 970 2110 seu
991 2078 1029 2110 de
1048 2078 1138 2111 theo-

396 2132 483 2175 logia
506 2131 657 2175 mystica;
684 2141 742 2174 per
766 2132 900 2164 alteram
925 2136 1000 2174 post
1027 2141 1138 2174 vespe-

400 2195 448 2218 ras
474 2185 512 2218 de
538 2184 704 2227 theologia
728 2183 841 2217 morali
860 2189 891 2216 et
909 2184 1036 2217 casibus
1062 2195 1137 2217 eon-

399 2237 565 2271 scientiae.
604 2238 628 2270 A
668 2237 864 2270 lectionibus
907 2242 1016 2270 autem
1060 2237 1136 2280 ipsis

399 2292 507 2324 nullus
521 2291 625 2334 possit
642 2291 797 2330 excusari,
811 2301 919 2333 neque
937 2300 954 2322 a
972 2291 1139 2323 reddenda

399 2346 524 2378 ratione
551 2345 589 2377 cle
615 2345 749 2377 materia
773 2344 929 2384 lectionis,
954 2344 979 2376 si
1004 2355 1021 2377 a
1045 2355 1139 2387 guar-

402 2398 497 2431 diano
523 2397 571 2431 vel
597 2399 660 2432 alio
686 2399 724 2431 ab
749 2399 818 2441 ipso
855 2398 1006 2442 deputato
1043 2398 1139 2431 inter-

402 2457 546 2493 rogetur.
574 2451 651 2484 Cnm
678 2456 783 2484 antem
810 2451 841 2483 in
868 2451 1037 2484 audiendis
1064 2462 1139 2484 con-

404 2504 596 2537 fessionibus
616 2506 663 2537 vel
681 2505 750 2537 aliis
772 2505 957 2538 utilioribus
976 2505 1138 2538 exercitiis

404 2557 599 2599 peragendis
625 2557 816 2590 missionarii
843 2558 961 2590 fuerint
984 2558 1137 2600 occupati,

1174 321 1355 354 abbreviari
1375 331 1434 354 seu
1455 321 1637 365 dispensari
1654 323 1768 355 valeat.
1787 322 1912 356 Missio-

1175 373 1265 415 narii,
1281 373 1355 406 dum
1380 374 1412 406 in
1438 374 1612 413 seminario
1637 379 1720 415 sunt,
1738 375 1913 418 spirituali-

1174 427 1233 459 bus
1274 426 1436 460 exercitiis
1482 427 1533 460 vel
1573 427 1681 460 studio
1721 427 1911 471 impendere

1176 479 1297 513 debent
1331 485 1431 513 totum
1465 485 1591 524 tempus
1623 480 1707 523 quod
1733 481 1912 524 corporali-

1175 533 1234 566 bus
1259 533 1430 577 superfluit
1453 533 1661 576 indigentiis:
1689 533 1713 566 si
1740 533 1811 577 quis
1836 545 1912 570 vero

1176 586 1264 619 vanis
1304 586 1620 620 confabulationibus
1652 591 1708 620 aut
1736 587 1915 622 cursitatio-

1176 641 1268 673 nibus
1294 639 1421 674 deditus
1455 641 1645 682 inveniatur,
1671 641 1801 685 publica
1835 652 1916 686 poe-

1176 694 1311 727 nitentia
1331 694 1363 727 in
1389 694 1620 728 communitate
1657 694 1829 738 puniatur:
1855 705 1916 728 nec

1176 747 1234 781 ulli
1254 747 1449 780 concedatur
1465 747 1598 781 licentia
1618 758 1634 781 e
1652 748 1749 781 domo
1763 748 1913 789 exeundi,

1177 800 1236 833 nisi
1263 800 1440 844 aliquando
1479 800 1689 834 recreationis
1723 803 1819 834 causa
1856 812 1916 845 per

1177 864 1309 897 campos
1335 865 1407 887 cum
1432 854 1521 887 socio
1547 855 1768 898 expatiaturus
1789 855 1838 896 sit,
1861 860 1916 888 aut

1177 918 1234 950 pro
1259 907 1436 941 inevitabili
1461 908 1690 951 pertractando
1715 908 1851 951 negocio
1876 908 1916 942 ad

1177 961 1337 994 civitatem
1375 962 1424 994 vel
1450 961 1608 1004 oppidum
1634 961 1746 1004 egredi
1779 962 1915 995 debeat:

1177 1014 1279 1057 idque
1305 1024 1377 1047 raro
1395 1012 1461 1054 fiat,
1477 1019 1522 1054 ut,
1542 1019 1660 1057 quanto
1685 1015 1717 1047 in
1738 1015 1916 1048 monastica

1177 1067 1374 1108 solitudine,
1399 1067 1534 1100 humani
1561 1068 1746 1101 commercii
1771 1074 1917 1101 contem-

1178 1126 1243 1164 ptu,
1268 1120 1492 1164 vigilantiores
1517 1121 1655 1161 suerint,
1681 1132 1719 1155 eo
1744 1122 1784 1155 ad
1809 1132 1918 1165 repre-

1178 1175 1369 1207 hendendas
1405 1173 1549 1208 fidelium
1581 1174 1780 1208 diversiones
1816 1174 1918 1218 aptio-

1177 1236 1229 1259 res
1247 1226 1436 1260 reddantur.
1460 1226 1679 1260 Communitas
1705 1237 1721 1260 e
1740 1227 1917 1261 seminario

1178 1291 1241 1313 non
1268 1285 1380 1320 exeat,
1405 1279 1466 1313 nisi
1491 1291 1564 1313 raro
1600 1285 1632 1313 et
1664 1280 1853 1323 gravissima
1877 1281 1916 1314 de

1178 1336 1285 1373 causa,
1313 1338 1348 1366 ut
1372 1334 1411 1367 ad
1436 1333 1587 1377 exequias
1612 1333 1759 1376 religiosi
1783 1334 1918 1367 alieuius

1179 1386 1280 1419 nostri
1306 1387 1448 1423 Ordinis.
1474 1392 1529 1419 aut
1561 1387 1743 1430 apostolici,
1775 1398 1840 1421 non
1865 1398 1919 1420 au-

1181 1445 1242 1473 tem
1279 1440 1318 1472 ad
1344 1440 1517 1473 sociandos
1551 1440 1630 1473 alios
1662 1440 1831 1473 defunctos
1867 1442 1917 1476 vel

1179 1493 1326 1536 publicas
1352 1493 1591 1536 processiones.
1626 1493 1833 1526 Feminarum
1856 1494 1918 1526 col-

1180 1546 1287 1589 loquia
1326 1546 1531 1589 quantumvis
1572 1545 1761 1578 brevissima
1798 1546 1918 1589 ubique

1180 1600 1334 1639 vitentur,
1361 1601 1529 1642 solumque
1562 1599 1706 1643 ipsarum
1738 1599 1918 1633 confessio-

1180 1663 1257 1693 nes,
1300 1653 1389 1685 nullo
1429 1652 1491 1685 alio
1531 1652 1713 1686 intermisso
1739 1653 1917 1696 colloquio,

1180 1705 1290 1738 audire
1315 1705 1436 1738 licebit.
1464 1705 1557 1739 Nullo
1584 1706 1682 1738 modo
1708 1711 1919 1749 acceptentur

1180 1759 1354 1792 conciones
1381 1758 1510 1791 festivae
1532 1758 1564 1790 in
1585 1758 1774 1800 seminario,
1802 1759 1919 1792 solum«

1181 1823 1244 1855 que
1281 1812 1367 1851 fiant,
1404 1822 1485 1855 quae
1524 1812 1693 1845 occasione
1727 1811 1918 1846 missionum

1181 1865 1382 1898 necessariae
1407 1870 1610 1897 censeantur.
1626 1865 1673 1897 Ad
1694 1865 1918 1909 eleemosynas

1180 1924 1285 1951 autem
1310 1918 1466 1962 petendas
1491 1929 1604 1951 omnes
1630 1919 1700 1952 sine
1726 1920 1918 1962 exceptione

1180 1972 1369 2011 mittentur;
1405 1972 1484 2004 itaut
1508 1972 1540 2004 in
1566 1972 1653 2004 omni
1678 1972 1807 2005 servitio
1833 1983 1918 2006 com-

1180 2025 1345 2058 munitatis
1385 2035 1496 2057 omnes
1512 2052 1519 2064 ,
1559 2025 1655 2058 etiam
1701 2025 1917 2068 guardianus,

1181 2083 1334 2122 quantum
1359 2077 1427 2111 sieri
1453 2078 1567 2121 possit,
1594 2079 1660 2111 sint
1682 2089 1789 2122 pares.
1809 2078 1918 2117 Quoad

1181 2133 1402 2176 eleemosynas
1428 2132 1694 2175 praedicatorum,
1729 2132 1829 2165 libros
1864 2133 1919 2166 de<

1181 2185 1365 2218 functorum
1381 2190 1412 2218 et
1426 2185 1697 2219 bibliothecarum
1712 2189 1919 2228 augmentum

1182 2244 1213 2272 et
1235 2239 1528 2279 conservationem,
1560 2239 1593 2271 in
1629 2238 1779 2271 omnibus
1815 2238 1920 2272 semi-

1182 2293 1289 2332 nariis,
1315 2292 1399 2325 sicut
1424 2298 1454 2326 et
1485 2292 1518 2325 in
1549 2292 1699 2325 omnibus
1736 2292 1807 2326 aliis
1833 2303 1915 2326 con-

1181 2345 1329 2378 ventibus
1355 2350 1484 2379 nostrae
1515 2345 1720 2378 obedientiae
1746 2345 1915 2386 subiectis,

1182 2404 1326 2432 servetur
1350 2398 1451 2432 Breve
1475 2398 1604 2441 Eoeponi
1622 2397 1710 2431 nobis
1728 2409 1745 2430 a
1761 2397 1814 2431 SS.
1830 2398 1865 2431 D.
1882 2398 1916 2431 N.

1182 2451 1369 2485 Innocentio
1403 2451 1442 2484 XI
1474 2451 1671 2494 expeditum.
1698 2450 1782 2484 Nulli
1808 2461 1919 2484 saecu-

1183 2505 1239 2537 lari
1265 2504 1470 2547 permittatur
1506 2505 1669 2548 ingressus
1695 2503 1735 2536 ad
1766 2503 1921 2541 interiora

1181 2563 1368 2597 conventus,
1382 2557 1439 2590 sed
1453 2557 1484 2589 in
1501 2558 1640 2590 claustro
1654 2555 1800 2590 inferiori
1815 2556 1921 2600 dispo-

403 2609 451 2641 vel
478 2609 628 2652 occupari
654 2609 827 2652 indigeant,
860 2611 957 2643 lectio
983 2610 1139 2643 matutina
1182 2615 1276 2642 natur
1301 2610 1409 2654 aliqua
1434 2620 1561 2643 camera
1585 2610 1724 2643 honesta
1749 2614 1780 2643 et
1804 2610 1930 2644 devota.

1914 218 1964 247 An.
1985 219 2014 249 C.
2030 221 2092 252 1636
