2111 3157
193 196 241 223 An.
264 196 293 223 c.
311 195 380 223 1088
426 185 491 219 844

218 1728 328 1750 Sententia
349 1728 353 1746 i

388 254 487 286 super
501 252 628 280 annum,
640 246 694 274 aut
706 240 816 273 saltem
836 238 1035 281 temporibus
1050 246 1122 268 con-

387 295 520 335 stitutis,
547 293 692 327 contiteri
709 290 985 324 sacramentaliter
1005 289 1054 321 vel
1071 298 1122 321 re-

386 350 494 382 velare
519 354 608 381 extra
632 344 870 378 consessionem
902 342 1042 374 scienter
1065 352 1122 374 ne-

386 401 539 443 glexerit,
568 401 631 432 hoc
660 403 725 437 est,
757 406 922 440 praesens,
950 405 1052 438 usque
1082 395 1120 427 ad

386 454 471 486 diem
485 449 623 485 Coenae¹
642 450 808 486 inclusive,
828 453 858 481 et
874 448 999 485 absens,
1017 457 1120 489 usque

385 506 423 538 ad
442 511 583 538 octavam
609 503 692 536 diem
718 501 909 535 reversionis
931 500 964 532 in
989 500 1121 532 domum

385 568 477 590 suam
505 562 576 600 post
607 555 809 599 praedictum
834 553 1006 586 terminum
1035 552 1122 584 simi-

384 610 459 644 liter
493 609 671 648 inclusive,
704 609 774 651 ipso
810 607 912 646 sacto,
953 606 1015 638 lioc
1051 610 1119 643 est,

385 662 505 706 elapsis
526 662 620 695 dictis
639 661 793 699 terminis,
813 658 1120 692 excommunicatio-

384 715 433 748 n1s
457 715 626 754 sententia,
652 724 748 757 quam
773 713 806 745 in
831 712 899 745 istis
925 711 1053 754 scriptis
1079 711 1120 742 se-

383 768 500 807 rimus,
534 768 575 800 sit
610 767 749 809 ligatus,
777 776 795 798 a
824 775 887 808 qua
919 774 985 797 non
1016 763 1122 807 possit

383 820 508 853 absolvi
527 820 589 852 nisi
610 830 669 863 per
692 818 860 862 proprium
884 818 1038 861 priorem,
1060 817 1118 856 vel,

383 884 423 906 eo
440 873 585 911 absente,
609 882 668 915 per
688 871 853 910 vicarium,
871 880 942 904 cum
959 879 1057 902 onere
1077 875 1121 901 ta-

382 936 457 959 men
482 925 700 958 satissaciendi
724 924 902 967 superioris
927 927 1118 966 praecepto,

382 978 445 1011 nisi
467 979 603 1011 vicarius
628 978 698 1021 ipse
723 978 756 1009 in
781 976 928 1009 absentia
952 974 1069 1018 prioris
1088 974 1119 1007 il-

382 1031 438 1064 lud
465 1031 587 1064 tulerit.

426 1096 469 1118 xi.
496 1085 584 1118 Hanc
608 1089 777 1128 praeterea
801 1082 996 1116 sententiam
1022 1082 1118 1114 latam

381 1148 399 1170 a
423 1138 565 1181 capitulo
587 1137 730 1179 generali
748 1142 781 1169 et
796 1145 951 1179 praesens
968 1139 1118 1167 statutum

381 1192 474 1224 annis
506 1191 641 1234 singulis
678 1190 711 1223 in
737 1189 898 1223 dominica
934 1188 1116 1221 Palmarum

380 1243 526 1286 prioreS,
553 1243 620 1282 vel,
650 1241 729 1284 ipsis
755 1240 964 1280 absentibus,
989 1238 1119 1271 vicarii'z

381 1295 530 1328 omnibus
556 1294 709 1338 professis
729 1299 790 1326 tam
808 1292 933 1325 clericis
952 1302 1048 1335 quam
1068 1291 1119 1324 lai-

380 1349 426 1381 cis
445 1349 548 1381 nostri
568 1347 708 1386 Ordinis,
726 1347 757 1378 in
783 1357 883 1378 unum
903 1345 1118 1387 congregatis,

379 1401 507 1445 publice
532 1402 564 1434 in
585 1400 726 1442 capitulo
745 1399 977 1432 monachorum
997 1399 1120 1431 denun-

381 1454 481 1493 tient,
508 1453 687 1496 ipsamque,
713 1457 747 1483 ut
771 1451 869 1484 moris
889 1457 948 1490 est,
973 1462 1008 1483 ex
1035 1450 1111 1482 scri-

379 1507 443 1550 ptis
467 1507 633 1549 proterant
658 1510 690 1538 et
714 1506 922 1548 promulgent
939 1504 1118 1547 praesenti-

380 1559 441 1591 bus
462 1558 633 1598 universis,
652 1559 752 1591 t‘o‘rma
770 1568 850 1600 quae
871 1558 1027 1600 sequitur,
1044 1563 1116 1589 ante

379 1614 428 1646 vel
463 1619 558 1656 post,
583 1612 615 1645 in
649 1612 771 1654 vulgari
802 1622 953 1644 sermone
982 1616 1118 1654 propter

380 1667 480 1698 laicos
505 1666 710 1708 exponenda.

422 1729 479 1751 ΧΠ.
501 1730 514 1749 α
529 1718 604 1751 Cum
620 1718 659 1750 sit
673 1729 689 1750 a
707 1717 850 1759 generali
872 1716 1013 1759 capitulo
1032 1717 1117 1749 insti>

300 1762 494 1811 03¹Eltutt1m,
511 1772 598 1814 quod
616 1781 777 1814 personae
795 1770 922 1803 Ordinis
936 1770 1116 1809 universae,

184 1809 289 1830 nunciant]
307 1825 311 1829 .

380 1836 462 1868 quae
489 1825 554 1857 suis
579 1825 753 1867 prioribus,
780 1824 907 1855 vicariis
934 1829 987 1855 aut
1011 1829 1117 1856 recto-

381 1879 481 1917 ribuS‚
510 1878 614 1920 quoad
642 1877 714 1910 illas
739 1877 850 1908 domos
881 1887 962 1919 quae
991 1887 1050 1919 per
1073 1876 1117 1908 vi-

379 1931 484 1964 carios
512 1932 561 1963 vel
598 1936 741 1962 rectores
775 1929 1018 1970 gubernantur,
1052 1940 1115 1962 non

381 1983 583 2016 ostenderint
600 1983 759 2026 quidquid
779 1982 961 2021 habuerint,
976 1993 1037 2015 nec
1050 1982 1116 2014 eius

379 2045 467 2072 dando
481 2049 601 2078 tempora
617 2043 794 2078 tempor-ibim,
806 2043 974 2070 declaramus
989 2047 1043 2070 tres
1057 2044 1117 2070 illos

380 2098 474 2124 parvos
494 2089 594 2115 solidus
614 2093 784 2119 turonenses,
805 2088 831 2113 in
851 2088 958 2114 statutis
977 2089 1051 2115 cirea
1070 2097 1117 2115 an-

380 2142 443 2159 num
464 2139 612 2159 mecetxrni
632 2132 712 2159 editis
731 2139 883 2166 expressos,
904 2140 975 2157 nunc
989 2133 1117 2167 aequiva-

379 2177 435 2204 lere
456 2177 670 2212 vigintiquinque
690 2175 783 2202 solidis
798 2175 989 2202 turonensibus
1003 2176 1116 2210 gallicis,

379 2221 425 2255 qui
446 2221 471 2247 in
492 2223 597 2247 moneta
613 2221 750 2255 hispanica
766 2227 839 2246 nunc
855 2219 941 2245 valent
957 2219 1043 2245 tribus
1057 2227 1117 2245 rea-

379 2263 451 2290 libus
470 2264 605 2299 argenteis
624 2272 685 2290 cum
705 2264 828 2295 dimidio,
843 2263 868 2289 in
886 2264 991 2290 moneta
1009 2271 1117 2297 germa-

379 2309 439 2334 nica
458 2308 673 2343 trigintaseptem
694 2308 841 2342 crucigeris
861 2316 922 2334 cum
942 2308 1072 2338 dimidio,
1093 2311 1118 2333 et

379 2352 407 2378 in
427 2354 534 2378 moneta
553 2353 641 2378 italica
661 2353 747 2378 tribus
768 2352 839 2378 iuliis
859 2360 920 2378 cum
940 2351 1063 2384 dimidio,
1085 2351 1117 2377 ad

380 2404 461 2430 quam
481 2404 632 2424 summam,
655 2400 746 2430 utpote
766 2396 823 2422 istis
847 2396 935 2422 tribus
961 2395 1053 2421 solidis
1074 2399 1117 2421 tu-

380 2440 541 2465 ronenutius
561 2440 786 2475 aequivalentem,
808 2441 945 2466 materiam
966 2439 1036 2465 illam
1058 2447 1118 2473 pro-

380 2483 502 2517 prietatis
522 2487 548 2508 et
567 2483 853 2510 excommunicationis
872 2484 1027 2510 reducimus
1046 2492 1073 2512 n,

417 2527 429 2552 1
455 2526 553 2559 Nempe
574 2528 683 2554 Coenae
704 2528 826 2554 Domini
845 2529 885 2563 (a.
902 2528 950 2563 T.)-

417 2569 434 2597 2
453 2570 518 2597 Male
538 2570 602 2598 edit.
622 2571 700 2598 ittam.
722 2572 788 2606 legit
808 2573 927 2599 vicariis
946 2573 985 2607 (a.
999 2573 1047 2607 τ.).

969 189 1149 214 ΒΠῙᾸΛΠΙὉΜ
1173 188 1324 213 Romnum

1164 236 1374 279 exposuerint
1398 236 1573 276 voluntati,
1600 236 1673 268 laici
1701 235 1849 269 videlicet
1879 245 1897 268 a

1164 288 1245 321 sesto
1270 287 1527 321 Circumcisionis
1550 298 1654 331 usque
1679 289 1717 320 ad
1737 287 1897 330 Quinqua-

1163 341 1327 383 gesimam‚
1353 341 1504 374 monachi
1525 351 1600 374 voro
1617 346 1649 374 et
1665 342 1773 375 clerici
1790 352 1895 386 usque

1164 394 1201 426 ad
1220 393 1414 426 dominicam
1434 394 1466 426 in
1487 394 1604 433 Ramis,
1626 398 1658 427 et
1675 405 1756 437 quae
1773 395 1896 438 aliquid

1163 448 1247 479 ultra
1270 447 1414 479 valorem
1439 447 1535 478 trium
1568 457 1740 489 parvorum
1775 447 1896 481 solido-

1163 508 1233 530 rum
1258 500 1478 531 turonensium
1502 504 1651 532 monetae
1677 499 1815 540 usualis,
1841 501 1894 544 qui

1163 562 1247 584 nune
1271 552 1311 584 ad
1335 552 1476 584 valorem
1494 551 1752 594 vigintiquinque
1777 552 1894 587 assium

1163 604 1355 646 gallicorum
1379 609 1612 647 supputantur,
1639 604 1732 637 simul
1764 605 1813 638 vel
1837 615 1896 648 per

1163 663 1270 699 partes
1295 657 1403 689 animo
1427 657 1606 689 occultandi
1627 656 1829 697 retinuerint,
1844 659 1895 691 vel

1163 709 1233 742 sine
1259 709 1416 742 dictorum
1441 710 1644 752 superiorum
1664 709 1792 742 licentia
1813 711 1896 743 ultra

1162 772 1316 794 summam
1330 767 1547 805 praetaxatam
1561 761 1681 804 aliquid
1695 762 1894 803 donaverint,

1162 815 1425 857 permutaverint,
1449 816 1497 848 vcl
1522 815 1618 848 modo
1650 815 1796 857 quolibet
1819 815 1897 848 alie-

1161 868 1316 908 naverint,
1343 874 1375 901 et
1398 868 1478 901 illud
1502 869 1551 901 vel
1575 868 1631 901 illa
1655 868 1775 901 eisdem
1800 878 1897 911 supe-

1161 921 1302 953 rioribus
1332 931 1398 954 non
1432 921 1669 961 revelaverint,
1701 921 1896 954 sententiam

1161 975 1502 1008 excommunicationis
1528 975 1693 1007 incurrant
1708 974 1780 1018 ipso
1801 975 1894 1014 saet0‚

1161 1028 1265 1061 donec
1294 1027 1497 1060 consessione
1530 1027 1750 1070 praecedente
1774 1027 1896 1061 beneti-

1160 1081 1243 1113 cium
1268 1080 1480 1113 absolutionis
1496 1091 1514 1113 a
1538 1080 1761 1123 superioribus
1785 1091 1897 1124 saepe-

1161 1134 1253 1166 dictis
1278 1133 1457 1166 meruerint
1476 1133 1638 1166 obtinere:
1659 1133 1733 1166 ideo
1754 1143 1815 1176 ego
1835 1133 1897 1166 sra-

1161 1192 1210 1219 ter
1235 1186 1285 1227 N.‚
1312 1187 1411 1229 prior,
1439 1192 1492 1219 aut
1514 1186 1670 1227 vicarius,
1696 1186 1761 1219 sive
1786 1190 1896 1219 rector

1161 1240 1274 1272 dumus
1300 1239 1393 1272 huius
1419 1239 1467 1277 N.‚
1493 1239 1603 1281 vigore
1632 1244 1665 1271 et
1688 1239 1804 1272 virtute
1822 1249 1896 1272 sen-

1162 1293 1280 1325 tentiae
1315 1293 1396 1325 latae
1413 1319 1420 1332 ‚
1447 1298 1482 1324 ut
1506 1292 1734 1335 praemittitur,
1759 1302 1777 1324 a
1809 1292 1894 1325 dicto

1160 1346 1300 1388 capitulo
1332 1345 1476 1387 generali
1510 1345 1805 1379 excommunicatos
1840 1345 1896 1377 de-

1161 1398 1273 1431 nuntio
1295 1409 1406 1431 omnes
1428 1404 1490 1431 tam
1508 1398 1686 1431 monachos
1706 1407 1803 1441 quam
1821 1407 1896 1431 con-

1160 1462 1268 1484 versos
1305 1452 1469 1494 professos
1507 1451 1600 1484 huius
1636 1452 1750 1484 domus
1787 1462 1824 1484 ac
1855 1451 1895 1484 de

1161 1505 1312 1537 mandato
1325 1504 1454 1538 Ordinis
1468 1504 1588 1537 ibidem
1603 1504 1813 1546 hospitantes,
1829 1503 1893 1546 qui,

1160 1557 1342 1589 occultandi
1367 1556 1474 1589 animo
1497 1558 1546 1589 vel
1573 1556 1697 1590 celandi
1723 1557 1784 1599 (α),
1810 1558 1895 1589 ultra

1159 1611 1301 1642 valorem
1326 1620 1467 1642 summae
1485 1609 1672 1651 praedictae
1689 1610 1896 1650 retinuerint,

1159 1664 1374 1703 donaverint,
1405 1663 1676 1706 permutaverint,
1713 1665 1763 1696 vel
1790 1663 1895 1707 quoli-

1159 1717 1213 1749 bet
1229 1717 1325 1749 modo
1344 1716 1566 1755 alienaverint,
1592 1721 1624 1749 et
1641 1727 1678 1749 ea
1695 1716 1775 1749 mihi
1791 1717 1896 1750 scien-

1160 1776 1208 1803 ter
1232 1770 1436 1812 neglexerint
1459 1769 1608 1802 confiteri
1633 1771 1682 1803 vel
1705 1776 1795 1803 extra
1820 1781 1896 1804 con-

1159 1824 1333 1856 sessionem
1370 1825 1513 1856 revelare
1548 1834 1651 1866 usque
1684 1824 1723 1856 ad
1755 1823 1895 1858 Coenam

1159 1876 1293 1915 Domini,
1312 1876 1337 1909 si
1358 1881 1546 1919 praesentes
1564 1881 1649 1916 sunt,
1666 1878 1716 1909 vel
1739 1887 1841 1920 usque
1855 1877 1894 1910 ad

1158 1930 1243 1962 diem
1257 1934 1400 1961 octavam
1415 1935 1584 1971 postquam
1603 1929 1641 1961 ad
1659 1929 1787 1962 domum
1801 1930 1895 1963 istam

1159 1987 1373 2021 revertentur,
1400 1988 1555 2025 quantum
1579 1982 1617 2015 ad
1635 1982 1806 2023 absentes;
1826 1983 1897 2026 qui-

1158 2036 1217 2067 bus
1244 2035 1391 2067 terminis
1416 2035 1543 2077 elapsis,
1567 2040 1598 2067 et
1621 2046 1686 2068 non
1710 2041 1794 2077 ante,
1820 2037 1897 2070 huic

1159 2087 1481 2121 excommunicationi
1495 2088 1693 2129 subiaceant,
1707 2090 1812 2123 donec
1824 2101 1896 2124 con-

1160 2142 1297 2174 t’essione
1334 2142 1550 2184 praecedente
1578 2152 1595 2174 a
1623 2153 1673 2175 me
1702 2143 1895 2178 beneficium

1158 2194 1368 2227 absolutionis
1402 2194 1582 2226 meruerint
1614 2195 1784 2229 obtinere:
1821 2197 1891 2238 cui,

1159 2252 1312 2290 quantum
1330 2247 1369 2279 ad
1388 2247 1547 2289 praefatas
1563 2257 1718 2289 personas
1731 2249 1893 2291 praesenti

1194 2310 1224 2341 α)
1245 2308 1360 2335 Verbum
1381 2308 1445 2334 illud
1466 2308 1659 2335 attendendum
1680 2313 1720 2336 est
1740 2311 1822 2337 veluti
1841 2311 1894 2339 for·

1160 2354 1228 2379 male
1244 2353 1473 2387 transgressione,
1491 2353 1532 2379 cui
1548 2353 1642 2379 merito
1659 2361 1770 2381 censura
1787 2362 1894 2382 excom-

1160 2397 1348 2423 municationis
1375 2397 1519 2431 infligitur,
1541 2397 1591 2423 nisi
1618 2401 1800 2432 transgressor
1825 2399 1896 2426 intra

1160 2446 1266 2475 tempus
1286 2441 1396 2467 revelet.
1417 2441 1465 2471 Qui
1485 2445 1574 2468 autem
1597 2441 1716 2475 possidet
1734 2446 1779 2469 aut
1797 2442 1897 2470 alienet

1159 2484 1260 2519 aliquid
1280 2484 1361 2511 invito
1383 2484 1488 2520 priore,
1509 2485 1614 2511 etiamsi
1634 2493 1686 2512 non
1706 2485 1789 2512 habet
1806 2486 1896 2513 occul-

1160 2528 1231 2553 tamti
1259 2529 1395 2561 animum,
1425 2537 1532 2562 semper
1562 2533 1655 2564 peccat
1682 2534 1774 2556 contra
1804 2534 1895 2559 votum.

1160 2573 1324 2607 paupertatis
1343 2573 1417 2600 iuxta
1437 2573 1566 2600 materiae
1584 2574 1753 2608 gravitatem.

1903 186 1952 214 An.
1973 187 2002 215 C.
2020 187 2083 215 ⁴62⁸
