<?xml version="1.0" encoding="UTF-8"?>
<!DOCTYPE html PUBLIC "-//W3C//DTD XHTML 1.0 Transitional//EN"
    "http://www.w3.org/TR/xhtml1/DTD/xhtml1-transitional.dtd">
<html xmlns="http://www.w3.org/1999/xhtml" xml:lang="en" lang="en">
 <head>
  <title>
</title>
<meta http-equiv="Content-Type" content="text/html;charset=utf-8" />
  <meta name='ocr-system' content='tesseract 3.04.00' />
  <meta name='ocr-capabilities' content='ocr_page ocr_carea ocr_par ocr_line ocrx_word'/>
</head>
<body>
  <div class='ocr_page' id='page_1' title='image "./bullarumdiplomat19cath_0299.png"; bbox 0 0 2111 3157; ppageno 0'>
   <div class='ocr_carea' id='block_1_1' title="bbox 15 182 198 212">
    <p class='ocr_par' dir='ltr' id='par_1_1' title="bbox 15 182 198 212">
     <span class='ocr_line' id='line_1_1' title="bbox 15 182 198 212; baseline -0.005 -1"><span class='ocrx_word' id='word_1_1' title='bbox 15 182 63 211; x_wconf 73' lang='lat' dir='ltr'>An.</span> <span class='ocrx_word' id='word_1_2' title='bbox 84 182 112 211; x_wconf 91' lang='lat' dir='ltr'>C.</span> <span class='ocrx_word' id='word_1_3' title='bbox 131 182 198 212; x_wconf 76' lang='lat'>¹680</span> 
     </span>
    </p>
   </div>
   <div class='ocr_carea' id='block_1_2' title="bbox 0 1546 181 1620">
    <p class='ocr_par' dir='ltr' id='par_1_2' title="bbox 0 1546 181 1620">
     <span class='ocr_line' id='line_1_2' title="bbox 24 1546 181 1568; baseline 0.006 -1"><span class='ocrx_word' id='word_1_4' title='bbox 24 1546 120 1568; x_wconf 75' lang='lat' dir='ltr'>Refertur</span> <span class='ocrx_word' id='word_1_5' title='bbox 129 1552 181 1568; x_wconf 79' lang='lat' dir='ltr'>con-</span> 
     </span>
     <span class='ocr_line' id='line_1_3' title="bbox 0 1573 180 1595; baseline 0.017 -3"><span class='ocrx_word' id='word_1_6' title='bbox 0 1574 78 1594; x_wconf 72' lang='lat' dir='ltr'>stitutio</span> <span class='ocrx_word' id='word_1_7' title='bbox 87 1573 180 1595; x_wconf 78' lang='lat' dir='ltr'>Clemen-</span> 
     </span>
     <span class='ocr_line' id='line_1_4' title="bbox 0 1599 59 1620; baseline 0.017 -1"><span class='ocrx_word' id='word_1_8' title='bbox 0 1601 26 1620; x_wconf 73' lang='lat' dir='ltr'>us</span> <span class='ocrx_word' id='word_1_9' title='bbox 33 1599 59 1620; x_wconf 77' lang='grc' dir='ltr'>Χ.</span> 
     </span>
    </p>
   </div>
   <div class='ocr_carea' id='block_1_3' title="bbox 786 183 1122 208">
    <p class='ocr_par' dir='ltr' id='par_1_3' title="bbox 786 183 1122 208">
     <span class='ocr_line' id='line_1_5' title="bbox 786 183 1122 208; baseline 0 0"><span class='ocrx_word' id='word_1_10' title='bbox 786 183 998 208; x_wconf 75' lang='lat' dir='ltr'>lNNO-CENTIUS</span> <span class='ocrx_word' id='word_1_11' title='bbox 1019 184 1051 208; x_wconf 75' lang='lat' dir='ltr'>XI</span> <span class='ocrx_word' id='word_1_12' title='bbox 1076 184 1122 208; x_wconf 73' lang='lat'>1³1³.</span> 
     </span>
    </p>
   </div>
   <div class='ocr_carea' id='block_1_4' title="bbox 195 231 935 949">
    <p class='ocr_par' dir='ltr' id='par_1_4' title="bbox 196 231 935 783">
     <span class='ocr_line' id='line_1_6' title="bbox 203 231 935 275; baseline -0.001 -11"><span class='ocrx_word' id='word_1_13' title='bbox 203 231 346 272; x_wconf 79' lang='lat' dir='ltr'>stolicis,</span> <span class='ocrx_word' id='word_1_14' title='bbox 382 232 562 275; x_wconf 87' lang='lat' dir='ltr'>ceterisque</span> <span class='ocrx_word' id='word_1_15' title='bbox 594 232 765 265; x_wconf 75' lang='lat' dir='ltr'>contrariis</span> <span class='ocrx_word' id='word_1_16' title='bbox 803 233 935 275; x_wconf 86' lang='lat' dir='ltr'>quibus-</span> 
     </span>
     <span class='ocr_line' id='line_1_7' title="bbox 202 283 933 327; baseline -0.003 -10"><span class='ocrx_word' id='word_1_17' title='bbox 202 294 350 327; x_wconf 89' lang='lat' dir='ltr'>cumque.</span> <span class='ocrx_word' id='word_1_18' title='bbox 384 284 423 317; x_wconf 89' lang='lat' dir='ltr'>Ut</span> <span class='ocrx_word' id='word_1_19' title='bbox 447 290 553 316; x_wconf 89' lang='lat' dir='ltr'>autem</span> <span class='ocrx_word' id='word_1_20' title='bbox 586 290 773 326; x_wconf 60' lang='lat' dir='ltr'>praes-unes</span> <span class='ocrx_word' id='word_1_21' title='bbox 809 283 933 316; x_wconf 77' lang='lat' dir='ltr'>litterae</span> 
     </span>
     <span class='ocr_line' id='line_1_8' title="bbox 202 335 934 378; baseline -0.003 -10"><span class='ocrx_word' id='word_1_22' title='bbox 202 335 241 368; x_wconf 88' lang='lat' dir='ltr'>ad</span> <span class='ocrx_word' id='word_1_23' title='bbox 259 337 405 378; x_wconf 80' lang='lat' dir='ltr'>ipsorum</span> <span class='ocrx_word' id='word_1_24' title='bbox 423 335 680 368; x_wconf 80' lang='lat' dir='ltr'>christifidelium</span> <span class='ocrx_word' id='word_1_25' title='bbox 699 336 843 368; x_wconf 81' lang='lat' dir='ltr'>notitiam</span> <span class='ocrx_word' id='word_1_26' title='bbox 862 335 934 367; x_wconf 87' lang='lat' dir='ltr'>saci-</span> 
     </span>
     <span class='ocr_line' id='line_1_9' title="bbox 201 387 933 430; baseline -0.003 -10"><span class='ocrx_word' id='word_1_27' title='bbox 201 388 262 420; x_wconf 91' lang='lat' dir='ltr'>lius</span> <span class='ocrx_word' id='word_1_28' title='bbox 283 387 442 430; x_wconf 80' lang='lat' dir='ltr'>citiusque</span> <span class='ocrx_word' id='word_1_29' title='bbox 462 388 661 430; x_wconf 84' lang='lat' dir='ltr'>perveniant,</span> <span class='ocrx_word' id='word_1_30' title='bbox 681 389 826 420; x_wconf 86' lang='lat' dir='ltr'>volumus</span> <span class='ocrx_word' id='word_1_31' title='bbox 847 387 933 429; x_wconf 89' lang='lat' dir='ltr'>quod</span> 
     </span>
     <span class='ocr_line' id='line_1_10' title="bbox 201 439 932 482; baseline -0.003 -10"><span class='ocrx_word' id='word_1_32' title='bbox 201 450 312 472; x_wconf 85' lang='lat' dir='ltr'>earum</span> <span class='ocrx_word' id='word_1_33' title='bbox 329 440 496 482; x_wconf 75' lang='lat' dir='ltr'>exemplis,</span> <span class='ocrx_word' id='word_1_34' title='bbox 517 440 613 472; x_wconf 88' lang='lat' dir='ltr'>etiam</span> <span class='ocrx_word' id='word_1_35' title='bbox 637 439 813 482; x_wconf 74' lang='lat' dir='ltr'>impressis,</span> <span class='ocrx_word' id='word_1_36' title='bbox 835 449 932 471; x_wconf 89' lang='lat' dir='ltr'>manu</span> 
     </span>
     <span class='ocr_line' id='line_1_11' title="bbox 201 491 932 534; baseline -0.003 -10"><span class='ocrx_word' id='word_1_37' title='bbox 201 492 334 525; x_wconf 87' lang='lat' dir='ltr'>alicuius</span> <span class='ocrx_word' id='word_1_38' title='bbox 362 492 480 525; x_wconf 87' lang='lat' dir='ltr'>notarii</span> <span class='ocrx_word' id='word_1_39' title='bbox 509 491 630 534; x_wconf 85' lang='lat' dir='ltr'>publici</span> <span class='ocrx_word' id='word_1_40' title='bbox 662 491 875 533; x_wconf 82' lang='lat' dir='ltr'>subscriptis,</span> <span class='ocrx_word' id='word_1_41' title='bbox 902 496 932 522; x_wconf 85' lang='lat' dir='ltr'>et</span> 
     </span>
     <span class='ocr_line' id='line_1_12' title="bbox 200 542 932 586; baseline -0.003 -10"><span class='ocrx_word' id='word_1_42' title='bbox 200 543 307 586; x_wconf 82' lang='lat' dir='ltr'>sigillo</span> <span class='ocrx_word' id='word_1_43' title='bbox 338 554 496 586; x_wconf 81' lang='lat' dir='ltr'>personae</span> <span class='ocrx_word' id='word_1_44' title='bbox 525 543 558 574; x_wconf 91' lang='lat' dir='ltr'>in</span> <span class='ocrx_word' id='word_1_45' title='bbox 587 543 805 575; x_wconf 81' lang='lat' dir='ltr'>ecclesiastica</span> <span class='ocrx_word' id='word_1_46' title='bbox 833 542 932 584; x_wconf 78' lang='lat' dir='ltr'>digni-</span> 
     </span>
     <span class='ocr_line' id='line_1_13' title="bbox 198 594 931 637; baseline -0.004 -9"><span class='ocrx_word' id='word_1_47' title='bbox 198 601 263 628; x_wconf 81' lang='lat' dir='ltr'>tate</span> <span class='ocrx_word' id='word_1_48' title='bbox 291 595 486 628; x_wconf 81' lang='lat' dir='ltr'>constitutae</span> <span class='ocrx_word' id='word_1_49' title='bbox 517 594 665 633; x_wconf 85' lang='lat' dir='ltr'>munius,</span> <span class='ocrx_word' id='word_1_50' title='bbox 697 595 810 626; x_wconf 88' lang='lat' dir='ltr'>eadem</span> <span class='ocrx_word' id='word_1_51' title='bbox 839 605 931 637; x_wconf 88' lang='lat' dir='ltr'>pror-</span> 
     </span>
     <span class='ocr_line' id='line_1_14' title="bbox 199 645 930 688; baseline -0.001 -10"><span class='ocrx_word' id='word_1_52' title='bbox 199 657 252 678; x_wconf 91' lang='lat' dir='ltr'>sus</span> <span class='ocrx_word' id='word_1_53' title='bbox 276 645 356 679; x_wconf 85' lang='lat' dir='ltr'>fides</span> <span class='ocrx_word' id='word_1_54' title='bbox 381 645 584 684; x_wconf 87' lang='lat' dir='ltr'>adhibeatur,</span> <span class='ocrx_word' id='word_1_55' title='bbox 611 656 693 688; x_wconf 90' lang='lat' dir='ltr'>quae</span> <span class='ocrx_word' id='word_1_56' title='bbox 719 645 930 677; x_wconf 79' lang='lat' dir='ltr'>adhiberetur</span> 
     </span>
     <span class='ocr_line' id='line_1_15' title="bbox 196 697 928 741; baseline -0.001 -11"><span class='ocrx_word' id='word_1_57' title='bbox 196 698 276 741; x_wconf 90' lang='lat' dir='ltr'>ipsis</span> <span class='ocrx_word' id='word_1_58' title='bbox 309 698 534 741; x_wconf 86' lang='lat' dir='ltr'>praesentibus</span> <span class='ocrx_word' id='word_1_59' title='bbox 571 698 596 730; x_wconf 90' lang='lat' dir='ltr'>si</span> <span class='ocrx_word' id='word_1_60' title='bbox 627 698 734 730; x_wconf 79' lang='lat' dir='ltr'>forent</span> <span class='ocrx_word' id='word_1_61' title='bbox 766 697 928 730; x_wconf 78' lang='lat' dir='ltr'>exhibitae</span> 
     </span>
     <span class='ocr_line' id='line_1_16' title="bbox 196 751 432 783; baseline 0.004 -2"><span class='ocrx_word' id='word_1_62' title='bbox 196 751 246 783; x_wconf 91' lang='lat' dir='ltr'>vel</span> <span class='ocrx_word' id='word_1_63' title='bbox 271 755 432 783; x_wconf 86' lang='lat' dir='ltr'>ostensae.</span> 
     </span>
    </p>

    <p class='ocr_par' dir='ltr' id='par_1_5' title="bbox 195 802 928 949">
     <span class='ocr_line' id='line_1_17' title="bbox 238 802 928 845; baseline -0.001 -10"><span class='ocrx_word' id='word_1_64' title='bbox 238 802 352 835; x_wconf 89' lang='lat' dir='ltr'>Datum</span> <span class='ocrx_word' id='word_1_65' title='bbox 377 802 505 842; x_wconf 90' lang='lat' dir='ltr'>Romae,</span> <span class='ocrx_word' id='word_1_66' title='bbox 525 803 610 845; x_wconf 90' lang='lat' dir='ltr'>apud</span> <span class='ocrx_word' id='word_1_67' title='bbox 628 802 658 835; x_wconf 88' lang='lat' dir='ltr'>S.</span> <span class='ocrx_word' id='word_1_68' title='bbox 678 802 806 834; x_wconf 61' lang='lat' dir='ltr'>Mau-iam</span> <span class='ocrx_word' id='word_1_69' title='bbox 831 802 928 834; x_wconf 74' lang='lat' dir='ltr'>Maio-</span> 
     </span>
     <span class='ocr_line' id='line_1_18' title="bbox 196 855 928 893; baseline -0.001 -6"><span class='ocrx_word' id='word_1_70' title='bbox 196 865 276 893; x_wconf 84' lang='lat' dir='ltr'>rem,</span> <span class='ocrx_word' id='word_1_71' title='bbox 296 855 354 887; x_wconf 88' lang='lat' dir='ltr'>sub</span> <span class='ocrx_word' id='word_1_72' title='bbox 379 856 499 887; x_wconf 83' lang='lat' dir='ltr'>annulo</span> <span class='ocrx_word' id='word_1_73' title='bbox 518 855 699 893; x_wconf 80' lang='lat' dir='ltr'>piscatoris,</span> <span class='ocrx_word' id='word_1_74' title='bbox 718 855 768 887; x_wconf 88' lang='lat' dir='ltr'>die</span> <span class='ocrx_word' id='word_1_75' title='bbox 786 865 856 887; x_wconf 75' lang='lat' dir='ltr'>xxv1</span> <span class='ocrx_word' id='word_1_76' title='bbox 875 865 928 886; x_wconf 89' lang='lat' dir='ltr'>au-</span> 
     </span>
     <span class='ocr_line' id='line_1_19' title="bbox 195 906 925 949; baseline 0.003 -11"><span class='ocrx_word' id='word_1_77' title='bbox 195 906 278 949; x_wconf 84' lang='lat' dir='ltr'>gusti</span> <span class='ocrx_word' id='word_1_78' title='bbox 292 916 446 947; x_wconf 63' lang='lat' dir='ltr'>nncmzxx,</span> <span class='ocrx_word' id='word_1_79' title='bbox 458 907 660 949; x_wconf 85' lang='lat' dir='ltr'>pontificatus</span> <span class='ocrx_word' id='word_1_80' title='bbox 670 907 771 939; x_wconf 89' lang='lat' dir='ltr'>nostri</span> <span class='ocrx_word' id='word_1_81' title='bbox 785 917 870 939; x_wconf 85' lang='lat' dir='ltr'>anno</span> <span class='ocrx_word' id='word_1_82' title='bbox 885 918 925 940; x_wconf 88' lang='lat' dir='ltr'>1v.</span> 
     </span>
    </p>
   </div>
   <div class='ocr_carea' id='block_1_5' title="bbox 229 967 860 1003">
    <p class='ocr_par' dir='ltr' id='par_1_6' title="bbox 229 967 860 1003">
     <span class='ocr_line' id='line_1_20' title="bbox 229 967 860 1003; baseline 0 -8"><span class='ocrx_word' id='word_1_83' title='bbox 229 967 288 995; x_wconf 89' lang='lat' dir='ltr'>Dat.</span> <span class='ocrx_word' id='word_1_84' title='bbox 304 968 346 995; x_wconf 89' lang='lat' dir='ltr'>die</span> <span class='ocrx_word' id='word_1_85' title='bbox 362 967 395 996; x_wconf 72' lang='lat'>26</span> <span class='ocrx_word' id='word_1_86' title='bbox 410 968 514 1003; x_wconf 82' lang='lat' dir='ltr'>augusti</span> <span class='ocrx_word' id='word_1_87' title='bbox 532 968 609 1002; x_wconf 88' lang='grc'>1680,</span> <span class='ocrx_word' id='word_1_88' title='bbox 629 968 723 1003; x_wconf 78' lang='lat' dir='ltr'>pontif.</span> <span class='ocrx_word' id='word_1_89' title='bbox 739 977 809 995; x_wconf 86' lang='lat' dir='ltr'>anno</span> <span class='ocrx_word' id='word_1_90' title='bbox 825 975 860 995; x_wconf 76' lang='lat' dir='ltr'>iv,</span> 
     </span>
    </p>
   </div>
   <div class='ocr_carea' id='block_1_6' title="bbox 522 1108 598 1141">
    <p class='ocr_par' dir='ltr' id='par_1_7' title="bbox 522 1108 598 1141">
     <span class='ocr_line' id='line_1_21' title="bbox 522 1108 598 1141; baseline 0 0"><span class='ocrx_word' id='word_1_91' title='bbox 522 1108 598 1141; x_wconf 76' lang='lat' dir='ltr'>XCI.</span> 
     </span>
    </p>
   </div>
   <div class='ocr_carea' id='block_1_7' title="bbox 191 1188 924 1377">
    <p class='ocr_par' dir='ltr' id='par_1_8' title="bbox 191 1188 924 1377">
     <span class='ocr_line' id='line_1_22' title="bbox 191 1188 921 1231; baseline -0.003 -9"><span class='ocrx_word' id='word_1_92' title='bbox 191 1189 377 1230; x_wconf 79' lang='lat' dir='ltr'>Statuitur,</span> <span class='ocrx_word' id='word_1_93' title='bbox 406 1193 442 1220; x_wconf 81' lang='lat' dir='ltr'>ut</span> <span class='ocrx_word' id='word_1_94' title='bbox 468 1192 532 1220; x_wconf 81' lang='lat' dir='ltr'>tam</span> <span class='ocrx_word' id='word_1_95' title='bbox 557 1188 738 1231; x_wconf 79' lang='lat' dir='ltr'>capilulum</span> <span class='ocrx_word' id='word_1_96' title='bbox 762 1188 921 1230; x_wconf 76' lang='lat' dir='ltr'>9enerale,</span> 
     </span>
     <span class='ocr_line' id='line_1_23' title="bbox 234 1240 924 1284; baseline -0.001 -11"><span class='ocrx_word' id='word_1_97' title='bbox 234 1251 334 1284; x_wconf 82' lang='lat' dir='ltr'>quam</span> <span class='ocrx_word' id='word_1_98' title='bbox 364 1241 451 1273; x_wconf 81' lang='lat' dir='ltr'>dieta</span> <span class='ocrx_word' id='word_1_99' title='bbox 475 1240 667 1272; x_wconf 77' lang='lat' dir='ltr'>intermedia</span> <span class='ocrx_word' id='word_1_100' title='bbox 698 1241 924 1283; x_wconf 70' lang='lat' dir='ltr'>Conyreqatz&#39;o—</span> 
     </span>
     <span class='ocr_line' id='line_1_24' title="bbox 234 1293 923 1327; baseline -0.001 -1"><span class='ocrx_word' id='word_1_101' title='bbox 234 1294 287 1326; x_wconf 82' lang='lat' dir='ltr'>nis</span> <span class='ocrx_word' id='word_1_102' title='bbox 313 1293 512 1327; x_wconf 73' lang='lat' dir='ltr'>Cassz‘nensz&#39;s</span> <span class='ocrx_word' id='word_1_103' title='bbox 538 1293 672 1326; x_wconf 81' lang='lat' dir='ltr'>Ordinis</span> <span class='ocrx_word' id='word_1_104' title='bbox 695 1294 801 1325; x_wconf 78' lang='lat' dir='ltr'>sancti</span> <span class='ocrx_word' id='word_1_105' title='bbox 826 1293 923 1325; x_wconf 77' lang='lat' dir='ltr'>Bene-</span> 
     </span>
     <span class='ocr_line' id='line_1_25' title="bbox 234 1345 919 1377; baseline -0.001 0"><span class='ocrx_word' id='word_1_106' title='bbox 234 1345 312 1377; x_wconf 72' lang='lat' dir='ltr'>dicti</span> <span class='ocrx_word' id='word_1_107' title='bbox 331 1349 406 1377; x_wconf 77' lang='lat' dir='ltr'>ante</span> <span class='ocrx_word' id='word_1_108' title='bbox 430 1345 609 1377; x_wconf 76' lang='lat' dir='ltr'>triennium</span> <span class='ocrx_word' id='word_1_109' title='bbox 628 1355 692 1376; x_wconf 80' lang='lat' dir='ltr'>non</span> <span class='ocrx_word' id='word_1_110' title='bbox 713 1345 919 1377; x_wconf 80' lang='lat' dir='ltr'>celebretur¹.</span> 
     </span>
    </p>
   </div>
   <div class='ocr_carea' id='block_1_8' title="bbox 311 1423 809 1501">
    <p class='ocr_par' dir='ltr' id='par_1_9' title="bbox 311 1423 809 1501">
     <span class='ocr_line' id='line_1_26' title="bbox 369 1423 730 1457; baseline 0 -6"><span class='ocrx_word' id='word_1_111' title='bbox 369 1423 564 1451; x_wconf 80' lang='lat' dir='ltr'>Innocentius</span> <span class='ocrx_word' id='word_1_112' title='bbox 584 1424 662 1457; x_wconf 82' lang='lat' dir='ltr'>Papa</span> <span class='ocrx_word' id='word_1_113' title='bbox 681 1424 730 1454; x_wconf 80' lang='lat' dir='ltr'>xl,</span> 
     </span>
     <span class='ocr_line' id='line_1_27' title="bbox 311 1467 809 1501; baseline 0 -7"><span class='ocrx_word' id='word_1_114' title='bbox 311 1469 346 1494; x_wconf 82' lang='lat' dir='ltr'>ad</span> <span class='ocrx_word' id='word_1_115' title='bbox 368 1471 545 1501; x_wconf 76' lang='lat' dir='ltr'>perpetuam</span> <span class='ocrx_word' id='word_1_116' title='bbox 565 1467 611 1494; x_wconf 77' lang='lat' dir='ltr'>rei</span> <span class='ocrx_word' id='word_1_117' title='bbox 626 1467 809 1494; x_wconf 83' lang='lat' dir='ltr'>memoriam.</span> 
     </span>
    </p>
   </div>
   <div class='ocr_carea' id='block_1_9' title="bbox 186 1537 922 2157">
    <p class='ocr_par' dir='ltr' id='par_1_10' title="bbox 186 1537 922 2157">
     <span class='ocr_line' id='line_1_28' title="bbox 227 1537 922 1582; baseline 0 -12"><span class='ocrx_word' id='word_1_118' title='bbox 227 1539 241 1581; x_wconf 59' lang='grc' dir='ltr'>ᾖ</span> <span class='ocrx_word' id='word_1_119' title='bbox 252 1538 280 1570; x_wconf 85' lang='grc'>1.</span> <span class='ocrx_word' id='word_1_120' title='bbox 292 1537 368 1571; x_wconf 88' lang='lat' dir='ltr'>Cum</span> <span class='ocrx_word' id='word_1_121' title='bbox 379 1537 473 1580; x_wconf 86' lang='lat' dir='ltr'>(sicut</span> <span class='ocrx_word' id='word_1_122' title='bbox 483 1537 677 1582; x_wconf 86' lang='lat' dir='ltr'>accepimus)</span> <span class='ocrx_word' id='word_1_123' title='bbox 689 1538 808 1571; x_wconf 87' lang='lat' dir='ltr'>dudum</span> <span class='ocrx_word' id='word_1_124' title='bbox 821 1538 922 1571; x_wconf 87' lang='lat' dir='ltr'>felicis</span> 
     </span>
     <span class='ocr_line' id='line_1_29' title="bbox 190 1590 922 1633; baseline 0 -10"><span class='ocrx_word' id='word_1_125' title='bbox 190 1590 426 1624; x_wconf 87' lang='lat' dir='ltr'>recordationis</span> <span class='ocrx_word' id='word_1_126' title='bbox 456 1590 604 1623; x_wconf 86' lang='lat' dir='ltr'>Clemens</span> <span class='ocrx_word' id='word_1_127' title='bbox 630 1590 714 1633; x_wconf 85' lang='lat' dir='ltr'>Papa</span> <span class='ocrx_word' id='word_1_128' title='bbox 738 1591 763 1622; x_wconf 83' lang='lat' dir='ltr'>X</span> <span class='ocrx_word' id='word_1_129' title='bbox 788 1592 922 1633; x_wconf 86' lang='lat' dir='ltr'>praede-</span> 
     </span>
     <span class='ocr_line' id='line_1_30' title="bbox 190 1644 921 1687; baseline 0 -11"><span class='ocrx_word' id='word_1_130' title='bbox 190 1653 302 1676; x_wconf 89' lang='lat' dir='ltr'>cessor</span> <span class='ocrx_word' id='word_1_131' title='bbox 322 1649 431 1676; x_wconf 89' lang='lat' dir='ltr'>noster</span> <span class='ocrx_word' id='word_1_132' title='bbox 446 1644 609 1686; x_wconf 75' lang='lat' dir='ltr'>quoddam</span> <span class='ocrx_word' id='word_1_133' title='bbox 624 1644 786 1676; x_wconf 88' lang='lat' dir='ltr'>decretum</span> <span class='ocrx_word' id='word_1_134' title='bbox 805 1655 820 1676; x_wconf 91' lang='lat' dir='ltr'>a</span> <span class='ocrx_word' id='word_1_135' title='bbox 841 1644 921 1687; x_wconf 88' lang='lat' dir='ltr'>capi-</span> 
     </span>
     <span class='ocr_line' id='line_1_31' title="bbox 189 1695 920 1738; baseline 0 -10"><span class='ocrx_word' id='word_1_136' title='bbox 189 1696 255 1728; x_wconf 84' lang='lat' dir='ltr'>tulo</span> <span class='ocrx_word' id='word_1_137' title='bbox 280 1696 422 1738; x_wconf 83' lang='lat' dir='ltr'>generali</span> <span class='ocrx_word' id='word_1_138' title='bbox 441 1695 709 1738; x_wconf 79' lang='lat' dir='ltr'>Congregationis</span> <span class='ocrx_word' id='word_1_139' title='bbox 726 1695 920 1728; x_wconf 79' lang='lat' dir='ltr'>Cassinensis</span> 
     </span>
     <span class='ocr_line' id='line_1_32' title="bbox 188 1747 920 1781; baseline 0.001 -1"><span class='ocrx_word' id='word_1_140' title='bbox 188 1747 316 1781; x_wconf 90' lang='lat' dir='ltr'>Ordinis</span> <span class='ocrx_word' id='word_1_141' title='bbox 335 1748 436 1780; x_wconf 87' lang='lat' dir='ltr'>sancti</span> <span class='ocrx_word' id='word_1_142' title='bbox 454 1748 618 1780; x_wconf 79' lang='lat' dir='ltr'>Benedicti</span> <span class='ocrx_word' id='word_1_143' title='bbox 636 1748 783 1780; x_wconf 80' lang='lat' dir='ltr'>Mantuae</span> <span class='ocrx_word' id='word_1_144' title='bbox 802 1748 832 1780; x_wconf 91' lang='lat' dir='ltr'>in</span> <span class='ocrx_word' id='word_1_145' title='bbox 854 1760 920 1781; x_wconf 91' lang='lat' dir='ltr'>mo-</span> 
     </span>
     <span class='ocr_line' id='line_1_33' title="bbox 188 1800 919 1833; baseline 0.001 -1"><span class='ocrx_word' id='word_1_146' title='bbox 188 1800 330 1833; x_wconf 88' lang='lat' dir='ltr'>nasterio</span> <span class='ocrx_word' id='word_1_147' title='bbox 355 1800 499 1833; x_wconf 88' lang='lat' dir='ltr'>eiusdem</span> <span class='ocrx_word' id='word_1_148' title='bbox 519 1800 621 1833; x_wconf 88' lang='lat' dir='ltr'>sancti</span> <span class='ocrx_word' id='word_1_149' title='bbox 647 1800 813 1833; x_wconf 81' lang='lat' dir='ltr'>Benedicti</span> <span class='ocrx_word' id='word_1_150' title='bbox 838 1802 919 1833; x_wconf 89' lang='lat' dir='ltr'>cele-</span> 
     </span>
     <span class='ocr_line' id='line_1_34' title="bbox 187 1852 917 1895; baseline 0 -10"><span class='ocrx_word' id='word_1_151' title='bbox 187 1853 279 1886; x_wconf 86' lang='lat' dir='ltr'>brato</span> <span class='ocrx_word' id='word_1_152' title='bbox 305 1853 435 1892; x_wconf 83' lang='lat' dir='ltr'>sactum,</span> <span class='ocrx_word' id='word_1_153' title='bbox 454 1857 499 1892; x_wconf 89' lang='lat' dir='ltr'>ut,</span> <span class='ocrx_word' id='word_1_154' title='bbox 520 1852 559 1885; x_wconf 89' lang='lat' dir='ltr'>ad</span> <span class='ocrx_word' id='word_1_155' title='bbox 577 1853 739 1885; x_wconf 84' lang='lat' dir='ltr'>evitandas</span> <span class='ocrx_word' id='word_1_156' title='bbox 760 1864 917 1895; x_wconf 80' lang='lat' dir='ltr'>expensas</span> 
     </span>
     <span class='ocr_line' id='line_1_35' title="bbox 187 1904 918 1947; baseline 0 -10"><span class='ocrx_word' id='word_1_157' title='bbox 187 1915 223 1937; x_wconf 85' lang='lat' dir='ltr'>ac</span> <span class='ocrx_word' id='word_1_158' title='bbox 246 1904 400 1937; x_wconf 89' lang='lat' dir='ltr'>itinerum</span> <span class='ocrx_word' id='word_1_159' title='bbox 425 1905 642 1943; x_wconf 89' lang='lat' dir='ltr'>incommoda,</span> <span class='ocrx_word' id='word_1_160' title='bbox 663 1905 838 1947; x_wconf 86' lang='lat' dir='ltr'>capitulum</span> <span class='ocrx_word' id='word_1_161' title='bbox 864 1916 918 1947; x_wconf 79' lang='lat' dir='ltr'>ge-</span> 
     </span>
     <span class='ocr_line' id='line_1_36' title="bbox 187 1956 918 1999; baseline 0.001 -10"><span class='ocrx_word' id='word_1_162' title='bbox 187 1958 296 1989; x_wconf 83' lang='lat' dir='ltr'>nerale</span> <span class='ocrx_word' id='word_1_163' title='bbox 310 1957 410 1999; x_wconf 87' lang='lat' dir='ltr'>ipsius</span> <span class='ocrx_word' id='word_1_164' title='bbox 424 1956 701 1999; x_wconf 83' lang='lat' dir='ltr'>Congregationis,</span> <span class='ocrx_word' id='word_1_165' title='bbox 717 1958 801 1999; x_wconf 89' lang='lat' dir='ltr'>quod</span> <span class='ocrx_word' id='word_1_166' title='bbox 815 1969 831 1989; x_wconf 89' lang='lat' dir='ltr'>a</span> <span class='ocrx_word' id='word_1_167' title='bbox 846 1969 918 1990; x_wconf 88' lang='lat' dir='ltr'>con-</span> 
     </span>
     <span class='ocr_line' id='line_1_37' title="bbox 187 2009 919 2051; baseline 0.001 -10"><span class='ocrx_word' id='word_1_168' title='bbox 187 2009 405 2041; x_wconf 86' lang='lat' dir='ltr'>stitutionibus</span> <span class='ocrx_word' id='word_1_169' title='bbox 419 2009 562 2041; x_wconf 83' lang='lat' dir='ltr'>eiusdem</span> <span class='ocrx_word' id='word_1_170' title='bbox 576 2009 840 2051; x_wconf 80' lang='lat' dir='ltr'>Congregationis</span> <span class='ocrx_word' id='word_1_171' title='bbox 855 2011 919 2043; x_wconf 85' lang='lat' dir='ltr'>sin-</span> 
     </span>
     <span class='ocr_line' id='line_1_38' title="bbox 187 2061 916 2103; baseline 0.003 -10"><span class='ocrx_word' id='word_1_172' title='bbox 187 2061 269 2103; x_wconf 80' lang='lat' dir='ltr'>gulis</span> <span class='ocrx_word' id='word_1_173' title='bbox 287 2061 379 2093; x_wconf 86' lang='lat' dir='ltr'>annis</span> <span class='ocrx_word' id='word_1_174' title='bbox 397 2061 624 2094; x_wconf 88' lang='lat' dir='ltr'>celebrandum</span> <span class='ocrx_word' id='word_1_175' title='bbox 646 2063 866 2103; x_wconf 79' lang='lat' dir='ltr'>mandabatur,</span> <span class='ocrx_word' id='word_1_176' title='bbox 886 2064 916 2095; x_wconf 94' lang='lat' dir='ltr'>in</span> 
     </span>
     <span class='ocr_line' id='line_1_39' title="bbox 186 2114 918 2157; baseline 0.003 -12"><span class='ocrx_word' id='word_1_177' title='bbox 186 2119 350 2156; x_wconf 89' lang='lat' dir='ltr'>posterum</span> <span class='ocrx_word' id='word_1_178' title='bbox 376 2114 477 2146; x_wconf 89' lang='lat' dir='ltr'>altero</span> <span class='ocrx_word' id='word_1_179' title='bbox 503 2124 629 2157; x_wconf 87' lang='lat' dir='ltr'>quoque</span> <span class='ocrx_word' id='word_1_180' title='bbox 655 2125 752 2154; x_wconf 83' lang='lat' dir='ltr'>anno,</span> <span class='ocrx_word' id='word_1_181' title='bbox 769 2116 808 2147; x_wconf 87' lang='lat' dir='ltr'>ad</span> <span class='ocrx_word' id='word_1_182' title='bbox 829 2126 918 2147; x_wconf 86' lang='lat' dir='ltr'>men-</span> 
     </span>
    </p>
   </div>
   <div class='ocr_carea' id='block_1_10' title="bbox 184 2191 918 2577">
    <p class='ocr_par' dir='ltr' id='par_1_11' title="bbox 184 2191 918 2577">
     <span class='ocr_line' id='line_1_40' title="bbox 223 2191 917 2220; baseline 0.004 -3"><span class='ocrx_word' id='word_1_183' title='bbox 223 2193 232 2217; x_wconf 86' lang='grc'>1</span> <span class='ocrx_word' id='word_1_184' title='bbox 257 2192 311 2218; x_wconf 85' lang='lat' dir='ltr'>Hae</span> <span class='ocrx_word' id='word_1_185' title='bbox 331 2192 363 2218; x_wconf 87' lang='lat' dir='ltr'>de</span> <span class='ocrx_word' id='word_1_186' title='bbox 383 2200 412 2218; x_wconf 85' lang='lat' dir='ltr'>re</span> <span class='ocrx_word' id='word_1_187' title='bbox 433 2192 492 2218; x_wconf 86' lang='lat' dir='ltr'>vide</span> <span class='ocrx_word' id='word_1_188' title='bbox 512 2192 657 2219; x_wconf 84' lang='lat' dir='ltr'>Clementis</span> <span class='ocrx_word' id='word_1_189' title='bbox 677 2191 693 2218; x_wconf 87' lang='lat' dir='ltr'>X</span> <span class='ocrx_word' id='word_1_190' title='bbox 711 2193 799 2220; x_wconf 35' lang='lat' dir='ltr'>Consi&gt;</span> <span class='ocrx_word' id='word_1_191' title='bbox 821 2194 917 2220; x_wconf 82' lang='lat' dir='ltr'>editam</span> 
     </span>
     <span class='ocr_line' id='line_1_41' title="bbox 186 2236 917 2271; baseline 0.003 -10"><span class='ocrx_word' id='word_1_192' title='bbox 186 2243 255 2262; x_wconf 87' lang='lat' dir='ltr'>anno</span> <span class='ocrx_word' id='word_1_193' title='bbox 275 2241 381 2262; x_wconf 63' lang='lat' dir='ltr'>nncnxx</span> <span class='ocrx_word' id='word_1_194' title='bbox 401 2236 444 2262; x_wconf 83' lang='lat' dir='ltr'>die</span> <span class='ocrx_word' id='word_1_195' title='bbox 464 2242 519 2261; x_wconf 81' lang='lat' dir='ltr'>xxn</span> <span class='ocrx_word' id='word_1_196' title='bbox 547 2237 673 2270; x_wconf 78' lang='lat' dir='ltr'>augusti,</span> <span class='ocrx_word' id='word_1_197' title='bbox 694 2237 787 2271; x_wconf 83' lang='lat' dir='ltr'>pontis.</span> <span class='ocrx_word' id='word_1_198' title='bbox 807 2244 831 2269; x_wconf 67' lang='grc' dir='ltr'>ις</span> <span class='ocrx_word' id='word_1_199' title='bbox 853 2238 917 2264; x_wconf 85' lang='lat' dir='ltr'>item</span> 
     </span>
     <span class='ocr_line' id='line_1_42' title="bbox 186 2278 918 2311; baseline 0.004 -6"><span class='ocrx_word' id='word_1_200' title='bbox 186 2278 276 2305; x_wconf 89' lang='lat' dir='ltr'>Const.</span> <span class='ocrx_word' id='word_1_201' title='bbox 299 2279 445 2305; x_wconf 83' lang='lat' dir='ltr'>innocentii</span> <span class='ocrx_word' id='word_1_202' title='bbox 461 2279 492 2305; x_wconf 80' lang='lat' dir='ltr'>xt</span> <span class='ocrx_word' id='word_1_203' title='bbox 513 2280 613 2306; x_wconf 85' lang='lat' dir='ltr'>editam</span> <span class='ocrx_word' id='word_1_204' title='bbox 633 2289 702 2307; x_wconf 88' lang='lat' dir='ltr'>anno</span> <span class='ocrx_word' id='word_1_205' title='bbox 724 2288 854 2311; x_wconf 65' lang='lat' dir='ltr'>ninctxxx,</span> <span class='ocrx_word' id='word_1_206' title='bbox 875 2282 918 2308; x_wconf 88' lang='lat' dir='ltr'>die</span> 
     </span>
     <span class='ocr_line' id='line_1_43' title="bbox 185 2322 918 2357; baseline 0.004 -9"><span class='ocrx_word' id='word_1_207' title='bbox 185 2329 239 2349; x_wconf 81' lang='lat' dir='ltr'>xxu</span> <span class='ocrx_word' id='word_1_208' title='bbox 258 2322 428 2356; x_wconf 86' lang='lat' dir='ltr'>novembris,</span> <span class='ocrx_word' id='word_1_209' title='bbox 450 2323 543 2357; x_wconf 80' lang='lat' dir='ltr'>pontif.</span> <span class='ocrx_word' id='word_1_210' title='bbox 562 2331 593 2355; x_wconf 75' lang='lat' dir='ltr'>v;</span> <span class='ocrx_word' id='word_1_211' title='bbox 611 2332 713 2350; x_wconf 85' lang='lat' dir='ltr'>necnon</span> <span class='ocrx_word' id='word_1_212' title='bbox 730 2325 818 2351; x_wconf 86' lang='lat' dir='ltr'>Const.</span> <span class='ocrx_word' id='word_1_213' title='bbox 841 2325 918 2352; x_wconf 85' lang='lat' dir='ltr'>luno-</span> 
     </span>
     <span class='ocr_line' id='line_1_44' title="bbox 185 2365 917 2402; baseline 0.004 -10"><span class='ocrx_word' id='word_1_214' title='bbox 185 2366 268 2393; x_wconf 78' lang='lat' dir='ltr'>centii</span> <span class='ocrx_word' id='word_1_215' title='bbox 288 2365 331 2392; x_wconf 82' lang='lat' dir='ltr'>xli</span> <span class='ocrx_word' id='word_1_216' title='bbox 353 2366 450 2392; x_wconf 85' lang='lat' dir='ltr'>editam</span> <span class='ocrx_word' id='word_1_217' title='bbox 472 2375 514 2392; x_wconf 84' lang='lat' dir='ltr'>an.</span> <span class='ocrx_word' id='word_1_218' title='bbox 536 2373 654 2399; x_wconf 78' lang='lat' dir='ltr'>MDCxct,</span> <span class='ocrx_word' id='word_1_219' title='bbox 676 2368 718 2394; x_wconf 86' lang='lat' dir='ltr'>die</span> <span class='ocrx_word' id='word_1_220' title='bbox 738 2375 821 2394; x_wconf 64' lang='lat' dir='ltr'>xxvni</span> <span class='ocrx_word' id='word_1_221' title='bbox 842 2369 917 2402; x_wconf 90' lang='lat' dir='ltr'>iulii,</span> 
     </span>
     <span class='ocr_line' id='line_1_45' title="bbox 185 2409 918 2445; baseline 0.005 -10"><span class='ocrx_word' id='word_1_222' title='bbox 185 2409 318 2444; x_wconf 78' lang='lat' dir='ltr'>pontif-1:</span> <span class='ocrx_word' id='word_1_223' title='bbox 340 2409 366 2436; x_wconf 90' lang='lat' dir='ltr'>in</span> <span class='ocrx_word' id='word_1_224' title='bbox 386 2418 501 2445; x_wconf 84' lang='lat' dir='ltr'>quarum</span> <span class='ocrx_word' id='word_1_225' title='bbox 523 2412 608 2445; x_wconf 70' lang='lat' dir='ltr'>prima</span> <span class='ocrx_word' id='word_1_226' title='bbox 628 2412 760 2438; x_wconf 83' lang='lat' dir='ltr'>celebrari</span> <span class='ocrx_word' id='word_1_227' title='bbox 780 2412 918 2439; x_wconf 77' lang='lat' dir='ltr'>decretum</span> 
     </span>
     <span class='ocr_line' id='line_1_46' title="bbox 184 2453 917 2489; baseline 0.007 -10"><span class='ocrx_word' id='word_1_228' title='bbox 184 2453 271 2480; x_wconf 81' lang='lat' dir='ltr'>fuerat</span> <span class='ocrx_word' id='word_1_229' title='bbox 289 2454 433 2489; x_wconf 83' lang='lat' dir='ltr'>capitulum</span> <span class='ocrx_word' id='word_1_230' title='bbox 454 2459 514 2488; x_wconf 90' lang='lat' dir='ltr'>post</span> <span class='ocrx_word' id='word_1_231' title='bbox 539 2455 675 2482; x_wconf 85' lang='lat' dir='ltr'>biennium</span> <span class='ocrx_word' id='word_1_232' title='bbox 689 2477 695 2489; x_wconf 90' lang='lat'>,</span> <span class='ocrx_word' id='word_1_233' title='bbox 716 2456 799 2483; x_wconf 74' lang='lat' dir='ltr'>altera</span> <span class='ocrx_word' id='word_1_234' title='bbox 819 2458 917 2485; x_wconf 82' lang='lat' dir='ltr'>contir-</span> 
     </span>
     <span class='ocr_line' id='line_1_47' title="bbox 186 2497 917 2536; baseline 0.007 -13"><span class='ocrx_word' id='word_1_235' title='bbox 186 2502 255 2524; x_wconf 87' lang='lat' dir='ltr'>mata</span> <span class='ocrx_word' id='word_1_236' title='bbox 269 2497 376 2524; x_wconf 78' lang='lat' dir='ltr'>fuerunt</span> <span class='ocrx_word' id='word_1_237' title='bbox 390 2502 489 2525; x_wconf 88' lang='lat' dir='ltr'>statuta</span> <span class='ocrx_word' id='word_1_238' title='bbox 504 2499 716 2532; x_wconf 82' lang='lat' dir='ltr'>Cassinensium,</span> <span class='ocrx_word' id='word_1_239' title='bbox 737 2504 763 2527; x_wconf 87' lang='lat' dir='ltr'>et</span> <span class='ocrx_word' id='word_1_240' title='bbox 783 2503 917 2536; x_wconf 68' lang='lat' dir='ltr'>postrema</span> 
     </span>
     <span class='ocr_line' id='line_1_48' title="bbox 184 2541 664 2577; baseline 0.008 -11"><span class='ocrx_word' id='word_1_241' title='bbox 184 2541 355 2570; x_wconf 84' lang='lat' dir='ltr'>immutatum</span> <span class='ocrx_word' id='word_1_242' title='bbox 374 2541 424 2568; x_wconf 80' lang='lat' dir='ltr'>suit</span> <span class='ocrx_word' id='word_1_243' title='bbox 441 2546 546 2577; x_wconf 81' lang='lat' dir='ltr'>ternpus</span> <span class='ocrx_word' id='word_1_244' title='bbox 566 2543 664 2570; x_wconf 83' lang='lat' dir='ltr'>dietae.</span> 
     </span>
    </p>
   </div>
   <div class='ocr_carea' id='block_1_11' title="bbox 277 2594 862 2626">
    <p class='ocr_par' dir='ltr' id='par_1_12' title="bbox 277 2594 862 2626">
     <span class='ocr_line' id='line_1_49' title="bbox 277 2594 862 2626; baseline 0.005 -6"><span class='ocrx_word' id='word_1_245' title='bbox 277 2594 355 2621; x_wconf 86' lang='lat' dir='ltr'>Bull.</span> <span class='ocrx_word' id='word_1_246' title='bbox 377 2595 459 2622; x_wconf 76' lang='lat' dir='ltr'>Itum.</span> <span class='ocrx_word' id='word_1_247' title='bbox 476 2611 509 2616; x_wconf 97' lang='lat'><strong>—</strong></span> <span class='ocrx_word' id='word_1_248' title='bbox 528 2596 587 2624; x_wconf 76' lang='lat' dir='ltr'><em>Vol.</em></span> <span class='ocrx_word' id='word_1_249' title='bbox 610 2596 685 2626; x_wconf 77' lang='lat' dir='ltr'><em>XIX.</em></span> <span class='ocrx_word' id='word_1_250' title='bbox 829 2597 862 2624; x_wconf 74' lang='lat'>34</span> 
     </span>
    </p>
   </div>
   <div class='ocr_carea' id='block_1_12' title="bbox 939 1248 947 2105">
    <p class='ocr_par' dir='ltr' id='par_1_13' title="bbox 939 1248 947 2105">
     <span class='ocr_line' id='line_1_50' title="bbox 939 1248 947 2105; baseline 0 0"><span class='ocrx_word' id='word_1_251' title='bbox 939 1248 947 2105; x_wconf 95' lang='lat' dir='ltr'> </span> 
     </span>
    </p>
   </div>
   <div class='ocr_carea' id='block_1_13' title="bbox 960 231 1713 2473">
    <p class='ocr_par' dir='ltr' id='par_1_14' title="bbox 973 231 1713 736">
     <span class='ocr_line' id='line_1_51' title="bbox 978 231 1710 264; baseline 0 -1"><span class='ocrx_word' id='word_1_252' title='bbox 978 237 1041 263; x_wconf 91' lang='lat' dir='ltr'>tem</span> <span class='ocrx_word' id='word_1_253' title='bbox 1059 231 1254 264; x_wconf 84' lang='lat' dir='ltr'>recolendae</span> <span class='ocrx_word' id='word_1_254' title='bbox 1274 231 1448 264; x_wconf 79' lang='lat' dir='ltr'>memoriae</span> <span class='ocrx_word' id='word_1_255' title='bbox 1468 231 1636 263; x_wconf 65' lang='lat' dir='ltr'>Alexandri</span> <span class='ocrx_word' id='word_1_256' title='bbox 1655 232 1710 263; x_wconf 76' lang='lat' dir='ltr'>Pu-</span> 
     </span>
     <span class='ocr_line' id='line_1_52' title="bbox 976 282 1709 327; baseline 0 -11"><span class='ocrx_word' id='word_1_257' title='bbox 976 294 1035 326; x_wconf 90' lang='lat' dir='ltr'>pae</span> <span class='ocrx_word' id='word_1_258' title='bbox 1061 282 1133 316; x_wconf 75' lang='lat' dir='ltr'>VII¹</span> <span class='ocrx_word' id='word_1_259' title='bbox 1159 283 1422 326; x_wconf 83' lang='lat' dir='ltr'>praedecessoris</span> <span class='ocrx_word' id='word_1_260' title='bbox 1446 283 1569 327; x_wconf 85' lang='lat' dir='ltr'>pariter</span> <span class='ocrx_word' id='word_1_261' title='bbox 1593 284 1709 324; x_wconf 86' lang='lat' dir='ltr'>nostri,</span> 
     </span>
     <span class='ocr_line' id='line_1_53' title="bbox 976 335 1713 379; baseline 0.001 -12"><span class='ocrx_word' id='word_1_262' title='bbox 976 335 1046 377; x_wconf 83' lang='lat' dir='ltr'>cogi</span> <span class='ocrx_word' id='word_1_263' title='bbox 1064 337 1207 376; x_wconf 87' lang='lat' dir='ltr'>deberet,</span> <span class='ocrx_word' id='word_1_264' title='bbox 1224 336 1400 379; x_wconf 72' lang='lat' dir='ltr'>apostolica</span> <span class='ocrx_word' id='word_1_265' title='bbox 1419 337 1607 370; x_wconf 80' lang='lat' dir='ltr'>auctoritate</span> <span class='ocrx_word' id='word_1_266' title='bbox 1627 337 1689 369; x_wconf 81' lang='lat' dir='ltr'>inte</span> <span class='ocrx_word' id='word_1_267' title='bbox 1700 347 1713 368; x_wconf 84' lang='lat'>.·</span> 
     </span>
     <span class='ocr_line' id='line_1_54' title="bbox 976 387 1710 431; baseline 0.004 -13"><span class='ocrx_word' id='word_1_268' title='bbox 976 387 1037 419; x_wconf 84' lang='lat' dir='ltr'>alia</span> <span class='ocrx_word' id='word_1_269' title='bbox 1059 388 1295 420; x_wconf 75' lang='lat' dir='ltr'>confirmaverit</span> <span class='ocrx_word' id='word_1_270' title='bbox 1312 394 1344 421; x_wconf 88' lang='lat' dir='ltr'>et</span> <span class='ocrx_word' id='word_1_271' title='bbox 1364 389 1598 431; x_wconf 81' lang='lat' dir='ltr'>approbaverit,</span> <span class='ocrx_word' id='word_1_272' title='bbox 1612 394 1710 431; x_wconf 86' lang='lat' dir='ltr'>prout</span> 
     </span>
     <span class='ocr_line' id='line_1_55' title="bbox 975 436 1709 481; baseline 0.005 -14"><span class='ocrx_word' id='word_1_273' title='bbox 975 436 1006 468; x_wconf 92' lang='lat' dir='ltr'>in</span> <span class='ocrx_word' id='word_1_274' title='bbox 1024 437 1125 479; x_wconf 87' lang='lat' dir='ltr'>ipsius</span> <span class='ocrx_word' id='word_1_275' title='bbox 1151 437 1323 470; x_wconf 79' lang='lat' dir='ltr'>Clementis</span> <span class='ocrx_word' id='word_1_276' title='bbox 1352 439 1612 481; x_wconf 80' lang='lat' dir='ltr'>praedecessoris</span> <span class='ocrx_word' id='word_1_277' title='bbox 1630 439 1709 471; x_wconf 91' lang='lat' dir='ltr'>litte-</span> 
     </span>
     <span class='ocr_line' id='line_1_56' title="bbox 974 489 1707 533; baseline 0.005 -13"><span class='ocrx_word' id='word_1_278' title='bbox 974 489 1017 520; x_wconf 87' lang='lat' dir='ltr'>ris</span> <span class='ocrx_word' id='word_1_279' title='bbox 1043 490 1183 533; x_wconf 81' lang='lat' dir='ltr'>desuper</span> <span class='ocrx_word' id='word_1_280' title='bbox 1208 491 1240 522; x_wconf 90' lang='lat' dir='ltr'>in</span> <span class='ocrx_word' id='word_1_281' title='bbox 1266 491 1363 524; x_wconf 88' lang='lat' dir='ltr'>simili</span> <span class='ocrx_word' id='word_1_282' title='bbox 1395 492 1497 524; x_wconf 75' lang='lat' dir='ltr'>forma</span> <span class='ocrx_word' id='word_1_283' title='bbox 1521 492 1628 525; x_wconf 73' lang='lat' dir='ltr'>Brevis</span> <span class='ocrx_word' id='word_1_284' title='bbox 1654 492 1707 525; x_wconf 85' lang='lat' dir='ltr'>die</span> 
     </span>
     <span class='ocr_line' id='line_1_57' title="bbox 973 543 1707 587; baseline 0.005 -14"><span class='ocrx_word' id='word_1_285' title='bbox 973 552 1036 574; x_wconf 79' lang='lat' dir='ltr'>xx11</span> <span class='ocrx_word' id='word_1_286' title='bbox 1061 543 1188 583; x_wconf 81' lang='lat' dir='ltr'>augusti</span> <span class='ocrx_word' id='word_1_287' title='bbox 1213 552 1339 576; x_wconf 74' lang='lat' dir='ltr'>nnchx</span> <span class='ocrx_word' id='word_1_288' title='bbox 1364 544 1547 586; x_wconf 80' lang='lat' dir='ltr'>expeditas,</span> <span class='ocrx_word' id='word_1_289' title='bbox 1571 555 1707 587; x_wconf 86' lang='lat' dir='ltr'>quarum</span> 
     </span>
     <span class='ocr_line' id='line_1_58' title="bbox 974 595 1708 639; baseline 0.003 -14"><span class='ocrx_word' id='word_1_290' title='bbox 974 599 1119 626; x_wconf 89' lang='lat' dir='ltr'>tenorem</span> <span class='ocrx_word' id='word_1_291' title='bbox 1149 595 1373 637; x_wconf 86' lang='lat' dir='ltr'>praesentibus</span> <span class='ocrx_word' id='word_1_292' title='bbox 1398 606 1456 638; x_wconf 91' lang='lat' dir='ltr'>pro</span> <span class='ocrx_word' id='word_1_293' title='bbox 1480 597 1576 639; x_wconf 89' lang='lat' dir='ltr'>plene</span> <span class='ocrx_word' id='word_1_294' title='bbox 1598 601 1628 629; x_wconf 90' lang='lat' dir='ltr'>et</span> <span class='ocrx_word' id='word_1_295' title='bbox 1646 597 1708 628; x_wconf 79' lang='lat' dir='ltr'>sus-</span> 
     </span>
     <span class='ocr_line' id='line_1_59' title="bbox 974 644 1707 689; baseline 0.007 -13"><span class='ocrx_word' id='word_1_296' title='bbox 974 644 1120 677; x_wconf 78' lang='lat' dir='ltr'>ficienter</span> <span class='ocrx_word' id='word_1_297' title='bbox 1145 656 1295 689; x_wconf 80' lang='lat' dir='ltr'>expresso</span> <span class='ocrx_word' id='word_1_298' title='bbox 1317 652 1348 679; x_wconf 92' lang='lat' dir='ltr'>et</span> <span class='ocrx_word' id='word_1_299' title='bbox 1375 647 1497 680; x_wconf 88' lang='lat' dir='ltr'>inserto</span> <span class='ocrx_word' id='word_1_300' title='bbox 1522 648 1635 681; x_wconf 85' lang='lat' dir='ltr'>haberi</span> <span class='ocrx_word' id='word_1_301' title='bbox 1652 659 1707 681; x_wconf 88' lang='lat' dir='ltr'>vo-</span> 
     </span>
     <span class='ocr_line' id='line_1_60' title="bbox 973 697 1469 736; baseline 0.008 -8"><span class='ocrx_word' id='word_1_302' title='bbox 973 697 1086 736; x_wconf 79' lang='lat' dir='ltr'>lumus,</span> <span class='ocrx_word' id='word_1_303' title='bbox 1111 697 1241 730; x_wconf 89' lang='lat' dir='ltr'>uberius</span> <span class='ocrx_word' id='word_1_304' title='bbox 1266 699 1469 732; x_wconf 84' lang='lat' dir='ltr'>continetur:</span> 
     </span>
    </p>

    <p class='ocr_par' dir='ltr' id='par_1_15' title="bbox 960 749 1705 2473">
     <span class='ocr_line' id='line_1_61' title="bbox 1015 749 1705 796; baseline 0.007 -14"><span class='ocrx_word' id='word_1_305' title='bbox 1015 751 1029 793; x_wconf 66' lang='grc' dir='ltr'><strong>ἓ</strong></span> <span class='ocrx_word' id='word_1_306' title='bbox 1055 749 1085 783; x_wconf 77' lang='lat'>⁶2.</span> <span class='ocrx_word' id='word_1_307' title='bbox 1112 751 1187 791; x_wconf 91' lang='lat' dir='ltr'>Nos,</span> <span class='ocrx_word' id='word_1_308' title='bbox 1207 753 1451 785; x_wconf 85' lang='lat' dir='ltr'>considerantes</span> <span class='ocrx_word' id='word_1_309' title='bbox 1476 753 1705 796; x_wconf 80' lang='lat' dir='ltr'>Congregatio-</span> 
     </span>
     <span class='ocr_line' id='line_1_62' title="bbox 971 804 1704 847; baseline 0.004 -12"><span class='ocrx_word' id='word_1_310' title='bbox 971 813 1043 835; x_wconf 88' lang='lat' dir='ltr'>nem</span> <span class='ocrx_word' id='word_1_311' title='bbox 1064 804 1273 845; x_wconf 83' lang='lat' dir='ltr'>praedictam,</span> <span class='ocrx_word' id='word_1_312' title='bbox 1296 804 1428 847; x_wconf 85' lang='lat' dir='ltr'>eiusque</span> <span class='ocrx_word' id='word_1_313' title='bbox 1454 807 1649 838; x_wconf 88' lang='lat' dir='ltr'>monasteria</span> <span class='ocrx_word' id='word_1_314' title='bbox 1673 812 1704 839; x_wconf 90' lang='lat' dir='ltr'>et</span> 
     </span>
     <span class='ocr_line' id='line_1_63' title="bbox 970 857 1703 900; baseline 0.007 -14"><span class='ocrx_word' id='word_1_315' title='bbox 970 865 1138 897; x_wconf 87' lang='lat' dir='ltr'>personas,</span> <span class='ocrx_word' id='word_1_316' title='bbox 1162 861 1296 899; x_wconf 85' lang='lat' dir='ltr'>propter</span> <span class='ocrx_word' id='word_1_317' title='bbox 1321 857 1415 889; x_wconf 88' lang='lat' dir='ltr'>nimis</span> <span class='ocrx_word' id='word_1_318' title='bbox 1442 857 1627 900; x_wconf 80' lang='lat' dir='ltr'>frequentes</span> <span class='ocrx_word' id='word_1_319' title='bbox 1652 869 1703 891; x_wconf 84' lang='lat' dir='ltr'>ca-</span> 
     </span>
     <span class='ocr_line' id='line_1_64' title="bbox 969 908 1703 952; baseline 0.005 -13"><span class='ocrx_word' id='word_1_320' title='bbox 969 908 1148 950; x_wconf 88' lang='lat' dir='ltr'>pitulorum</span> <span class='ocrx_word' id='word_1_321' title='bbox 1185 910 1385 952; x_wconf 84' lang='lat' dir='ltr'>generalium</span> <span class='ocrx_word' id='word_1_322' title='bbox 1419 915 1451 943; x_wconf 90' lang='lat' dir='ltr'>et</span> <span class='ocrx_word' id='word_1_323' title='bbox 1475 911 1631 943; x_wconf 87' lang='lat' dir='ltr'>dictarum</span> <span class='ocrx_word' id='word_1_324' title='bbox 1654 912 1703 943; x_wconf 83' lang='lat' dir='ltr'>in-</span> 
     </span>
     <span class='ocr_line' id='line_1_65' title="bbox 971 962 1703 1007; baseline 0.003 -14"><span class='ocrx_word' id='word_1_325' title='bbox 971 962 1200 995; x_wconf 89' lang='lat' dir='ltr'>termediarum</span> <span class='ocrx_word' id='word_1_326' title='bbox 1226 963 1475 1003; x_wconf 84' lang='lat' dir='ltr'>celebrationes,</span> <span class='ocrx_word' id='word_1_327' title='bbox 1496 964 1645 1007; x_wconf 73' lang='lat' dir='ltr'>expensis</span> <span class='ocrx_word' id='word_1_328' title='bbox 1671 969 1703 996; x_wconf 76' lang='lat' dir='ltr'>ct</span> 
     </span>
     <span class='ocr_line' id='line_1_66' title="bbox 969 1014 1703 1058; baseline 0.003 -12"><span class='ocrx_word' id='word_1_329' title='bbox 969 1014 1119 1047; x_wconf 87' lang='lat' dir='ltr'>itinerum</span> <span class='ocrx_word' id='word_1_330' title='bbox 1133 1014 1345 1048; x_wconf 88' lang='lat' dir='ltr'>incommodis</span> <span class='ocrx_word' id='word_1_331' title='bbox 1361 1016 1467 1048; x_wconf 86' lang='lat' dir='ltr'>adhuc</span> <span class='ocrx_word' id='word_1_332' title='bbox 1485 1016 1617 1048; x_wconf 89' lang='lat' dir='ltr'>nimium</span> <span class='ocrx_word' id='word_1_333' title='bbox 1637 1027 1703 1058; x_wconf 80' lang='lat' dir='ltr'>gra-</span> 
     </span>
     <span class='ocr_line' id='line_1_67' title="bbox 968 1068 1702 1111; baseline 0.004 -13"><span class='ocrx_word' id='word_1_334' title='bbox 968 1068 1043 1105; x_wconf 88' lang='lat' dir='ltr'>vari,</span> <span class='ocrx_word' id='word_1_335' title='bbox 1062 1078 1097 1100; x_wconf 92' lang='lat' dir='ltr'>ac</span> <span class='ocrx_word' id='word_1_336' title='bbox 1113 1068 1251 1111; x_wconf 89' lang='lat' dir='ltr'>proinde</span> <span class='ocrx_word' id='word_1_337' title='bbox 1274 1069 1404 1101; x_wconf 88' lang='lat' dir='ltr'>illorum</span> <span class='ocrx_word' id='word_1_338' title='bbox 1421 1069 1551 1101; x_wconf 84' lang='lat' dir='ltr'>utilitati</span> <span class='ocrx_word' id='word_1_339' title='bbox 1569 1075 1600 1101; x_wconf 90' lang='lat' dir='ltr'>et</span> <span class='ocrx_word' id='word_1_340' title='bbox 1617 1080 1702 1102; x_wconf 91' lang='lat' dir='ltr'>com-</span> 
     </span>
     <span class='ocr_line' id='line_1_68' title="bbox 968 1120 1702 1163; baseline 0.004 -12"><span class='ocrx_word' id='word_1_341' title='bbox 968 1120 1113 1152; x_wconf 85' lang='lat' dir='ltr'>moditati</span> <span class='ocrx_word' id='word_1_342' title='bbox 1140 1120 1348 1163; x_wconf 82' lang='lat' dir='ltr'>peramplius,</span> <span class='ocrx_word' id='word_1_343' title='bbox 1369 1126 1523 1163; x_wconf 86' lang='lat' dir='ltr'>quantum</span> <span class='ocrx_word' id='word_1_344' title='bbox 1548 1132 1618 1153; x_wconf 89' lang='lat' dir='ltr'>cum</span> <span class='ocrx_word' id='word_1_345' title='bbox 1643 1122 1702 1154; x_wconf 90' lang='lat' dir='ltr'>Do-</span> 
     </span>
     <span class='ocr_line' id='line_1_69' title="bbox 968 1172 1698 1215; baseline 0.004 -12"><span class='ocrx_word' id='word_1_346' title='bbox 968 1172 1054 1205; x_wconf 91' lang='lat' dir='ltr'>mino</span> <span class='ocrx_word' id='word_1_347' title='bbox 1087 1183 1276 1215; x_wconf 91' lang='lat' dir='ltr'>possumus,</span> <span class='ocrx_word' id='word_1_348' title='bbox 1303 1175 1475 1206; x_wconf 87' lang='lat' dir='ltr'>consulere</span> <span class='ocrx_word' id='word_1_349' title='bbox 1511 1174 1698 1215; x_wconf 85' lang='lat' dir='ltr'>cupientes,</span> 
     </span>
     <span class='ocr_line' id='line_1_70' title="bbox 967 1225 1701 1267; baseline 0.004 -12"><span class='ocrx_word' id='word_1_350' title='bbox 967 1229 1054 1257; x_wconf 84' lang='lat' dir='ltr'>motu</span> <span class='ocrx_word' id='word_1_351' title='bbox 1080 1225 1201 1267; x_wconf 81' lang='lat' dir='ltr'>proris),</span> <span class='ocrx_word' id='word_1_352' title='bbox 1219 1236 1254 1257; x_wconf 85' lang='lat' dir='ltr'>ac</span> <span class='ocrx_word' id='word_1_353' title='bbox 1273 1236 1309 1257; x_wconf 77' lang='lat' dir='ltr'>ex</span> <span class='ocrx_word' id='word_1_354' title='bbox 1335 1228 1423 1258; x_wconf 74' lang='lat' dir='ltr'>certa</span> <span class='ocrx_word' id='word_1_355' title='bbox 1438 1225 1571 1258; x_wconf 80' lang='lat' dir='ltr'>scientia</span> <span class='ocrx_word' id='word_1_356' title='bbox 1589 1232 1618 1258; x_wconf 88' lang='lat' dir='ltr'>et</span> <span class='ocrx_word' id='word_1_357' title='bbox 1636 1237 1701 1259; x_wconf 86' lang='lat' dir='ltr'>ma·</span> 
     </span>
     <span class='ocr_line' id='line_1_71' title="bbox 969 1277 1701 1321; baseline 0.003 -13"><span class='ocrx_word' id='word_1_358' title='bbox 969 1279 1037 1308; x_wconf 74' lang='lat' dir='ltr'>tura</span> <span class='ocrx_word' id='word_1_359' title='bbox 1066 1277 1300 1310; x_wconf 87' lang='lat' dir='ltr'>deliberatione</span> <span class='ocrx_word' id='word_1_360' title='bbox 1332 1278 1452 1310; x_wconf 88' lang='lat' dir='ltr'>nostris</span> <span class='ocrx_word' id='word_1_361' title='bbox 1473 1278 1599 1320; x_wconf 82' lang='lat' dir='ltr'>,deque</span> <span class='ocrx_word' id='word_1_362' title='bbox 1625 1289 1701 1321; x_wconf 85' lang='lat' dir='ltr'>apo-</span> 
     </span>
     <span class='ocr_line' id='line_1_72' title="bbox 968 1329 1701 1372; baseline 0.001 -11"><span class='ocrx_word' id='word_1_363' title='bbox 968 1329 1099 1361; x_wconf 86' lang='lat' dir='ltr'>stolicae</span> <span class='ocrx_word' id='word_1_364' title='bbox 1116 1329 1287 1371; x_wconf 82' lang='lat' dir='ltr'>potestatis</span> <span class='ocrx_word' id='word_1_365' title='bbox 1304 1330 1516 1372; x_wconf 88' lang='lat' dir='ltr'>plenitudine,</span> <span class='ocrx_word' id='word_1_366' title='bbox 1538 1336 1571 1362; x_wconf 91' lang='lat' dir='ltr'>ut</span> <span class='ocrx_word' id='word_1_367' title='bbox 1593 1331 1630 1362; x_wconf 89' lang='lat' dir='ltr'>de</span> <span class='ocrx_word' id='word_1_368' title='bbox 1649 1342 1701 1363; x_wconf 82' lang='lat' dir='ltr'>re-</span> 
     </span>
     <span class='ocr_line' id='line_1_73' title="bbox 967 1380 1700 1424; baseline 0.003 -12"><span class='ocrx_word' id='word_1_369' title='bbox 967 1386 1036 1413; x_wconf 86' lang='lat' dir='ltr'>tero</span> <span class='ocrx_word' id='word_1_370' title='bbox 1051 1386 1112 1413; x_wconf 83' lang='lat' dir='ltr'>tam</span> <span class='ocrx_word' id='word_1_371' title='bbox 1129 1380 1304 1423; x_wconf 87' lang='lat' dir='ltr'>capitulum</span> <span class='ocrx_word' id='word_1_372' title='bbox 1324 1383 1475 1423; x_wconf 79' lang='lat' dir='ltr'>generale</span> <span class='ocrx_word' id='word_1_373' title='bbox 1493 1392 1588 1424; x_wconf 77' lang='lat' dir='ltr'>quam</span> <span class='ocrx_word' id='word_1_374' title='bbox 1613 1382 1700 1414; x_wconf 86' lang='lat' dir='ltr'>dicta</span> 
     </span>
     <span class='ocr_line' id='line_1_74' title="bbox 968 1433 1700 1476; baseline 0.004 -12"><span class='ocrx_word' id='word_1_375' title='bbox 968 1433 1155 1466; x_wconf 88' lang='lat' dir='ltr'>intermedia</span> <span class='ocrx_word' id='word_1_376' title='bbox 1169 1435 1331 1476; x_wconf 73' lang='lat' dir='ltr'>praefatae</span> <span class='ocrx_word' id='word_1_377' title='bbox 1344 1434 1611 1476; x_wconf 81' lang='lat' dir='ltr'>Congregationis</span> <span class='ocrx_word' id='word_1_378' title='bbox 1629 1434 1700 1467; x_wconf 87' lang='lat' dir='ltr'>Cas-</span> 
     </span>
     <span class='ocr_line' id='line_1_75' title="bbox 967 1485 1700 1529; baseline 0 -12"><span class='ocrx_word' id='word_1_379' title='bbox 967 1485 1105 1518; x_wconf 89' lang='lat' dir='ltr'>sinensis</span> <span class='ocrx_word' id='word_1_380' title='bbox 1130 1486 1277 1528; x_wconf 89' lang='lat' dir='ltr'>quolibet</span> <span class='ocrx_word' id='word_1_381' title='bbox 1298 1486 1437 1519; x_wconf 88' lang='lat' dir='ltr'>triennio</span> <span class='ocrx_word' id='word_1_382' title='bbox 1455 1498 1471 1518; x_wconf 86' lang='lat' dir='ltr'>a</span> <span class='ocrx_word' id='word_1_383' title='bbox 1489 1487 1633 1529; x_wconf 57' lang='lat' dir='ltr'>proxime</span> <span class='ocrx_word' id='word_1_384' title='bbox 1654 1488 1700 1518; x_wconf 78' lang='lat' dir='ltr'>su-</span> 
     </span>
     <span class='ocr_line' id='line_1_76' title="bbox 967 1538 1700 1580; baseline 0.004 -12"><span class='ocrx_word' id='word_1_385' title='bbox 967 1543 1037 1569; x_wconf 91' lang='lat' dir='ltr'>turo</span> <span class='ocrx_word' id='word_1_386' title='bbox 1061 1538 1200 1580; x_wconf 86' lang='lat' dir='ltr'>capitulo</span> <span class='ocrx_word' id='word_1_387' title='bbox 1226 1538 1380 1580; x_wconf 81' lang='lat' dir='ltr'>generali,</span> <span class='ocrx_word' id='word_1_388' title='bbox 1407 1539 1491 1580; x_wconf 85' lang='lat' dir='ltr'>quod</span> <span class='ocrx_word' id='word_1_389' title='bbox 1517 1539 1611 1571; x_wconf 71' lang='lat' dir='ltr'>tertia</span> <span class='ocrx_word' id='word_1_390' title='bbox 1642 1540 1700 1572; x_wconf 87' lang='lat' dir='ltr'>do-</span> 
     </span>
     <span class='ocr_line' id='line_1_77' title="bbox 965 1590 1699 1632; baseline 0.003 -11"><span class='ocrx_word' id='word_1_391' title='bbox 965 1590 1082 1622; x_wconf 81' lang='lat' dir='ltr'>minica</span> <span class='ocrx_word' id='word_1_392' title='bbox 1099 1595 1172 1632; x_wconf 89' lang='lat' dir='ltr'>post</span> <span class='ocrx_word' id='word_1_393' title='bbox 1189 1590 1309 1622; x_wconf 83' lang='lat' dir='ltr'>Pascha</span> <span class='ocrx_word' id='word_1_394' title='bbox 1327 1590 1584 1623; x_wconf 83' lang='lat' dir='ltr'>Resurrectionis</span> <span class='ocrx_word' id='word_1_395' title='bbox 1603 1592 1699 1624; x_wconf 88' lang='lat' dir='ltr'>domi-</span> 
     </span>
     <span class='ocr_line' id='line_1_78' title="bbox 965 1643 1698 1687; baseline 0.004 -13"><span class='ocrx_word' id='word_1_396' title='bbox 965 1643 1054 1675; x_wconf 83' lang='lat' dir='ltr'>nicae</span> <span class='ocrx_word' id='word_1_397' title='bbox 1087 1644 1160 1675; x_wconf 89' lang='lat' dir='ltr'>anni</span> <span class='ocrx_word' id='word_1_398' title='bbox 1193 1644 1338 1687; x_wconf 78' lang='lat' dir='ltr'>proxime</span> <span class='ocrx_word' id='word_1_399' title='bbox 1373 1644 1503 1676; x_wconf 85' lang='lat' dir='ltr'>venturi</span> <span class='ocrx_word' id='word_1_400' title='bbox 1539 1655 1698 1677; x_wconf 64' lang='lat' dir='ltr'>nnctxxxr</span> 
     </span>
     <span class='ocr_line' id='line_1_79' title="bbox 964 1697 1699 1740; baseline 0.003 -13"><span class='ocrx_word' id='word_1_401' title='bbox 964 1698 1192 1729; x_wconf 57' lang='lat' dir='ltr'>celebrandum</span> <span class='ocrx_word' id='word_1_402' title='bbox 1219 1703 1283 1736; x_wconf 83' lang='lat' dir='ltr'>est,</span> <span class='ocrx_word' id='word_1_403' title='bbox 1309 1697 1507 1740; x_wconf 78' lang='lat' dir='ltr'>incipiendo,</span> <span class='ocrx_word' id='word_1_404' title='bbox 1535 1704 1630 1740; x_wconf 87' lang='lat' dir='ltr'>atque</span> <span class='ocrx_word' id='word_1_405' title='bbox 1655 1698 1699 1730; x_wconf 90' lang='lat' dir='ltr'>ita</span> 
     </span>
     <span class='ocr_line' id='line_1_80' title="bbox 964 1750 1698 1793; baseline 0.003 -13"><span class='ocrx_word' id='word_1_406' title='bbox 964 1750 1129 1791; x_wconf 86' lang='lat' dir='ltr'>perpetuis</span> <span class='ocrx_word' id='word_1_407' title='bbox 1163 1751 1274 1782; x_wconf 89' lang='lat' dir='ltr'>suturis</span> <span class='ocrx_word' id='word_1_408' title='bbox 1308 1750 1507 1793; x_wconf 87' lang='lat' dir='ltr'>temporibus</span> <span class='ocrx_word' id='word_1_409' title='bbox 1534 1751 1572 1783; x_wconf 89' lang='lat' dir='ltr'>de</span> <span class='ocrx_word' id='word_1_410' title='bbox 1600 1751 1698 1782; x_wconf 88' lang='lat' dir='ltr'>trien-</span> 
     </span>
     <span class='ocr_line' id='line_1_81' title="bbox 963 1801 1699 1841; baseline 0.003 -9"><span class='ocrx_word' id='word_1_411' title='bbox 963 1801 1016 1833; x_wconf 91' lang='lat' dir='ltr'>nio</span> <span class='ocrx_word' id='word_1_412' title='bbox 1034 1801 1065 1833; x_wconf 89' lang='lat' dir='ltr'>in</span> <span class='ocrx_word' id='word_1_413' title='bbox 1085 1802 1259 1834; x_wconf 88' lang='lat' dir='ltr'>triennium</span> <span class='ocrx_word' id='word_1_414' title='bbox 1286 1803 1516 1841; x_wconf 82' lang='lat' dir='ltr'>continuando,</span> <span class='ocrx_word' id='word_1_415' title='bbox 1536 1803 1699 1835; x_wconf 84' lang='lat' dir='ltr'>celebren-</span> 
     </span>
     <span class='ocr_line' id='line_1_82' title="bbox 963 1854 1700 1893; baseline 0.003 -7"><span class='ocrx_word' id='word_1_416' title='bbox 963 1859 1024 1886; x_wconf 83' lang='lat' dir='ltr'>tur:</span> <span class='ocrx_word' id='word_1_417' title='bbox 1042 1854 1085 1886; x_wconf 88' lang='lat' dir='ltr'>ita</span> <span class='ocrx_word' id='word_1_418' title='bbox 1102 1855 1235 1893; x_wconf 89' lang='lat' dir='ltr'>scilicet,</span> <span class='ocrx_word' id='word_1_419' title='bbox 1253 1861 1288 1887; x_wconf 90' lang='lat' dir='ltr'>ut</span> <span class='ocrx_word' id='word_1_420' title='bbox 1305 1855 1389 1887; x_wconf 86' lang='lat' dir='ltr'>dieta</span> <span class='ocrx_word' id='word_1_421' title='bbox 1407 1856 1589 1888; x_wconf 88' lang='lat' dir='ltr'>huiusmodi</span> <span class='ocrx_word' id='word_1_422' title='bbox 1612 1862 1700 1888; x_wconf 46' lang='lat' dir='ltr'>octo*</span> 
     </span>
     <span class='ocr_line' id='line_1_83' title="bbox 962 1906 1697 1950; baseline 0.003 -12"><span class='ocrx_word' id='word_1_423' title='bbox 962 1906 1067 1938; x_wconf 89' lang='lat' dir='ltr'>decim</span> <span class='ocrx_word' id='word_1_424' title='bbox 1092 1907 1257 1940; x_wconf 88' lang='lat' dir='ltr'>mensibus</span> <span class='ocrx_word' id='word_1_425' title='bbox 1278 1913 1351 1950; x_wconf 87' lang='lat' dir='ltr'>post</span> <span class='ocrx_word' id='word_1_426' title='bbox 1370 1908 1624 1940; x_wconf 86' lang='lat' dir='ltr'>celebrationem</span> <span class='ocrx_word' id='word_1_427' title='bbox 1646 1919 1697 1940; x_wconf 91' lang='lat' dir='ltr'>cu-</span> 
     </span>
     <span class='ocr_line' id='line_1_84' title="bbox 961 1958 1695 2002; baseline 0.004 -13"><span class='ocrx_word' id='word_1_428' title='bbox 961 1958 1148 2001; x_wconf 81' lang='lat' dir='ltr'>iuscumque</span> <span class='ocrx_word' id='word_1_429' title='bbox 1174 1959 1306 2002; x_wconf 86' lang='lat' dir='ltr'>capituli</span> <span class='ocrx_word' id='word_1_430' title='bbox 1326 1960 1489 2001; x_wconf 85' lang='lat' dir='ltr'>generalis</span> <span class='ocrx_word' id='word_1_431' title='bbox 1514 1971 1572 2002; x_wconf 90' lang='lat' dir='ltr'>pro</span> <span class='ocrx_word' id='word_1_432' title='bbox 1597 1962 1695 1993; x_wconf 88' lang='lat' dir='ltr'>rebus</span> 
     </span>
     <span class='ocr_line' id='line_1_85' title="bbox 961 2011 1696 2054; baseline 0.003 -12"><span class='ocrx_word' id='word_1_433' title='bbox 961 2016 992 2042; x_wconf 88' lang='lat' dir='ltr'>et</span> <span class='ocrx_word' id='word_1_434' title='bbox 1008 2011 1158 2052; x_wconf 82' lang='lat' dir='ltr'>negotiis,</span> <span class='ocrx_word' id='word_1_435' title='bbox 1182 2012 1299 2054; x_wconf 89' lang='lat' dir='ltr'>quibus</span> <span class='ocrx_word' id='word_1_436' title='bbox 1318 2012 1441 2044; x_wconf 89' lang='lat' dir='ltr'>interea</span> <span class='ocrx_word' id='word_1_437' title='bbox 1458 2012 1696 2045; x_wconf 86' lang='lat' dir='ltr'>consulendum</span> 
     </span>
     <span class='ocr_line' id='line_1_86' title="bbox 962 2063 1695 2103; baseline 0.003 -9"><span class='ocrx_word' id='word_1_438' title='bbox 962 2063 1065 2103; x_wconf 82' lang='lat' dir='ltr'>suerit,</span> <span class='ocrx_word' id='word_1_439' title='bbox 1084 2068 1156 2095; x_wconf 86' lang='lat' dir='ltr'>ante</span> <span class='ocrx_word' id='word_1_440' title='bbox 1177 2069 1280 2096; x_wconf 83' lang='lat' dir='ltr'>tamen</span> <span class='ocrx_word' id='word_1_441' title='bbox 1300 2063 1417 2096; x_wconf 79' lang='lat' dir='ltr'>festum</span> <span class='ocrx_word' id='word_1_442' title='bbox 1438 2063 1695 2097; x_wconf 84' lang='lat' dir='ltr'>Circumcisionis</span> 
     </span>
     <span class='ocr_line' id='line_1_87' title="bbox 961 2116 1696 2159; baseline 0.003 -11"><span class='ocrx_word' id='word_1_443' title='bbox 961 2116 1085 2149; x_wconf 87' lang='lat' dir='ltr'>Domini</span> <span class='ocrx_word' id='word_1_444' title='bbox 1110 2117 1293 2149; x_wconf 89' lang='lat' dir='ltr'>immediate</span> <span class='ocrx_word' id='word_1_445' title='bbox 1319 2127 1471 2159; x_wconf 89' lang='lat' dir='ltr'>sequens,</span> <span class='ocrx_word' id='word_1_446' title='bbox 1491 2122 1523 2149; x_wconf 91' lang='lat' dir='ltr'>et</span> <span class='ocrx_word' id='word_1_447' title='bbox 1547 2127 1611 2150; x_wconf 90' lang='lat' dir='ltr'>non</span> <span class='ocrx_word' id='word_1_448' title='bbox 1637 2119 1696 2150; x_wconf 83' lang='lat' dir='ltr'>ali-</span> 
     </span>
     <span class='ocr_line' id='line_1_88' title="bbox 962 2169 1693 2213; baseline 0.003 -13"><span class='ocrx_word' id='word_1_449' title='bbox 962 2174 1011 2201; x_wconf 90' lang='lat' dir='ltr'>ter</span> <span class='ocrx_word' id='word_1_450' title='bbox 1034 2169 1146 2201; x_wconf 87' lang='lat' dir='ltr'>haberi</span> <span class='ocrx_word' id='word_1_451' title='bbox 1172 2170 1297 2201; x_wconf 84' lang='lat' dir='ltr'>debeat.</span> <span class='ocrx_word' id='word_1_452' title='bbox 1322 2169 1507 2202; x_wconf 66' lang='lat' dir='ltr'>visitatores</span> <span class='ocrx_word' id='word_1_453' title='bbox 1533 2180 1618 2209; x_wconf 89' lang='lat' dir='ltr'>vero,</span> <span class='ocrx_word' id='word_1_454' title='bbox 1639 2171 1693 2213; x_wconf 86' lang='lat' dir='ltr'>qni</span> 
     </span>
     <span class='ocr_line' id='line_1_89' title="bbox 962 2221 1693 2264; baseline 0.005 -12"><span class='ocrx_word' id='word_1_455' title='bbox 962 2221 1049 2253; x_wconf 77' lang='lat' dir='ltr'>iuxta</span> <span class='ocrx_word' id='word_1_456' title='bbox 1081 2221 1330 2254; x_wconf 89' lang='lat' dir='ltr'>constitutiones</span> <span class='ocrx_word' id='word_1_457' title='bbox 1370 2222 1550 2264; x_wconf 86' lang='lat' dir='ltr'>praedictas</span> <span class='ocrx_word' id='word_1_458' title='bbox 1588 2223 1693 2256; x_wconf 89' lang='lat' dir='ltr'>eidem</span> 
     </span>
     <span class='ocr_line' id='line_1_90' title="bbox 962 2273 1693 2313; baseline 0.003 -8"><span class='ocrx_word' id='word_1_459' title='bbox 962 2273 1065 2305; x_wconf 82' lang='lat' dir='ltr'>dietae</span> <span class='ocrx_word' id='word_1_460' title='bbox 1085 2273 1240 2305; x_wconf 84' lang='lat' dir='ltr'>interesse</span> <span class='ocrx_word' id='word_1_461' title='bbox 1258 2273 1433 2313; x_wconf 88' lang='lat' dir='ltr'>debebunt,</span> <span class='ocrx_word' id='word_1_462' title='bbox 1454 2273 1485 2305; x_wconf 93' lang='lat' dir='ltr'>in</span> <span class='ocrx_word' id='word_1_463' title='bbox 1504 2285 1635 2307; x_wconf 88' lang='lat' dir='ltr'>accessu</span> <span class='ocrx_word' id='word_1_464' title='bbox 1653 2276 1693 2307; x_wconf 86' lang='lat' dir='ltr'>ad</span> 
     </span>
     <span class='ocr_line' id='line_1_91' title="bbox 961 2325 1693 2368; baseline 0.004 -11"><span class='ocrx_word' id='word_1_465' title='bbox 961 2325 1063 2368; x_wconf 80' lang='lat' dir='ltr'>ipsam</span> <span class='ocrx_word' id='word_1_466' title='bbox 1089 2325 1222 2365; x_wconf 87' lang='lat' dir='ltr'>dietam,</span> <span class='ocrx_word' id='word_1_467' title='bbox 1249 2330 1280 2357; x_wconf 91' lang='lat' dir='ltr'>et</span> <span class='ocrx_word' id='word_1_468' title='bbox 1304 2325 1337 2358; x_wconf 90' lang='lat' dir='ltr'>in</span> <span class='ocrx_word' id='word_1_469' title='bbox 1362 2326 1466 2359; x_wconf 89' lang='lat' dir='ltr'>reditu</span> <span class='ocrx_word' id='word_1_470' title='bbox 1491 2327 1530 2359; x_wconf 90' lang='lat' dir='ltr'>ab</span> <span class='ocrx_word' id='word_1_471' title='bbox 1556 2327 1620 2367; x_wconf 76' lang='lat' dir='ltr'>illa,</span> <span class='ocrx_word' id='word_1_472' title='bbox 1648 2328 1693 2359; x_wconf 87' lang='lat' dir='ltr'>vi-</span> 
     </span>
     <span class='ocr_line' id='line_1_92' title="bbox 961 2378 1692 2424; baseline 0.004 -14"><span class='ocrx_word' id='word_1_473' title='bbox 961 2378 1129 2411; x_wconf 87' lang='lat' dir='ltr'>sitationes</span> <span class='ocrx_word' id='word_1_474' title='bbox 1148 2379 1417 2411; x_wconf 88' lang='lat' dir='ltr'>monasteriorum</span> <span class='ocrx_word' id='word_1_475' title='bbox 1434 2380 1494 2412; x_wconf 91' lang='lat' dir='ltr'>sibi</span> <span class='ocrx_word' id='word_1_476' title='bbox 1512 2381 1692 2424; x_wconf 88' lang='lat' dir='ltr'>respective</span> 
     </span>
     <span class='ocr_line' id='line_1_93' title="bbox 960 2430 1693 2473; baseline 0.005 -11"><span class='ocrx_word' id='word_1_477' title='bbox 960 2430 1198 2473; x_wconf 80' lang='lat' dir='ltr'>assignatorum</span> <span class='ocrx_word' id='word_1_478' title='bbox 1224 2432 1394 2464; x_wconf 90' lang='lat' dir='ltr'>terminare</span> <span class='ocrx_word' id='word_1_479' title='bbox 1413 2436 1444 2464; x_wconf 89' lang='lat' dir='ltr'>et</span> <span class='ocrx_word' id='word_1_480' title='bbox 1462 2433 1627 2466; x_wconf 79' lang='lat' dir='ltr'>absoivere</span> <span class='ocrx_word' id='word_1_481' title='bbox 1650 2439 1693 2466; x_wconf 89' lang='lat' dir='ltr'>te-</span> 
     </span>
    </p>
   </div>
   <div class='ocr_carea' id='block_1_14' title="bbox 996 2543 1499 2580">
    <p class='ocr_par' dir='ltr' id='par_1_16' title="bbox 996 2543 1499 2580">
     <span class='ocr_line' id='line_1_94' title="bbox 996 2543 1499 2580; baseline 0.004 -10"><span class='ocrx_word' id='word_1_482' title='bbox 996 2545 1005 2570; x_wconf 81' lang='lat'>1</span> <span class='ocrx_word' id='word_1_483' title='bbox 1030 2544 1098 2571; x_wconf 76' lang='lat' dir='ltr'>adn.</span> <span class='ocrx_word' id='word_1_484' title='bbox 1120 2543 1197 2571; x_wconf 73' lang='lat' dir='ltr'>nain.</span> <span class='ocrx_word' id='word_1_485' title='bbox 1219 2544 1282 2580; x_wconf 80' lang='lat' dir='ltr'>legii</span> <span class='ocrx_word' id='word_1_486' title='bbox 1304 2545 1376 2573; x_wconf 77' lang='lat' dir='ltr'>vm</span> <span class='ocrx_word' id='word_1_487' title='bbox 1391 2545 1430 2579; x_wconf 74' lang='lat' dir='ltr'>(a.</span> <span class='ocrx_word' id='word_1_488' title='bbox 1449 2546 1499 2580; x_wconf 85' lang='grc' dir='ltr'>τ.).</span> 
     </span>
    </p>
   </div>
   <div class='ocr_carea' id='block_1_15' title="bbox 1605 170 1900 214">
    <p class='ocr_par' dir='ltr' id='par_1_17' title="bbox 1605 170 1900 214">
     <span class='ocr_line' id='line_1_95' title="bbox 1605 170 1900 214; baseline 0.003 -4"><span class='ocrx_word' id='word_1_489' title='bbox 1605 170 1668 210; x_wconf 65' lang='lat'>0363</span> <span class='ocrx_word' id='word_1_490' title='bbox 1715 183 1764 214; x_wconf 68' lang='lat' dir='ltr'>An.</span> <span class='ocrx_word' id='word_1_491' title='bbox 1786 182 1814 210; x_wconf 81' lang='lat' dir='ltr'>C.</span> <span class='ocrx_word' id='word_1_492' title='bbox 1832 182 1900 211; x_wconf 60' lang='lat' dir='ltr'>tem</span> 
     </span>
    </p>
   </div>
   <div class='ocr_carea' id='block_1_16' title="bbox 1715 767 1898 814">
    <p class='ocr_par' dir='ltr' id='par_1_18' title="bbox 1715 767 1898 814">
     <span class='ocr_line' id='line_1_96' title="bbox 1754 767 1898 789; baseline 0.007 -2"><span class='ocrx_word' id='word_1_493' title='bbox 1754 767 1859 789; x_wconf 75' lang='lat' dir='ltr'>Statuitur</span> <span class='ocrx_word' id='word_1_494' title='bbox 1875 770 1898 788; x_wconf 71' lang='lat' dir='ltr'>ut</span> 
     </span>
     <span class='ocr_line' id='line_1_97' title="bbox 1715 794 1843 814; baseline 0 0"><span class='ocrx_word' id='word_1_495' title='bbox 1715 794 1734 814; x_wconf 85' lang='lat' dir='ltr'>in</span> <span class='ocrx_word' id='word_1_496' title='bbox 1751 794 1843 814; x_wconf 69' lang='lat' dir='ltr'>rubrica.</span> 
     </span>
    </p>
   </div>
  </div>
 </body>
</html>
