2111 3157
158 216 206 243 An.
228 214 256 242 c.
277 214 340 242 1687
388 206 451 240 726

183 1625 269 1652 Species
280 1625 338 1648 sacti.

184 2097 295 2122 Decretum
310 2101 340 2122 di-

157 2130 208 2158 ⁰}ss
224 2128 341 2154 Congreget-

158 2156 227 2176 tionis.

351 263 574 308 praesentium
598 263 776 296 litterarum
795 262 1013 304 transumptis
1029 270 1085 293 scu

353 318 521 360 exemplis,
535 318 631 350 etiam
650 316 829 358 impressis,
844 325 939 348 manu
954 314 1086 346 alicuius

352 371 469 403 notarii
489 371 609 413 publici
627 369 826 412 subscriptis,
848 374 879 401 et
895 368 1002 411 sigillo
1020 378 1087 410 per-

353 433 450 455 sonae
475 422 508 453 in
534 421 753 454 ecclesiastica
785 421 942 462 dignitate
968 420 1087 453 consti-

353 480 439 507 tutae
464 475 604 514 munitis,
624 475 736 507 eadem
758 485 892 517 prorsus
918 475 996 507 sides
1021 474 1088 507 ubi-

353 538 414 570 que
440 529 585 560 locorum
610 528 780 568 habeatur,
800 538 882 570 quae
908 527 1088 570 praesenti-

351 580 410 613 bus
436 580 513 623 ipsis
540 580 717 612 haberetur
748 579 773 612 si
799 580 907 612 forent
924 579 1086 612 exhibitae

354 634 400 665 vel
422 638 584 666 ostensae.

394 686 507 718 Datum
533 686 662 727 Romae,
688 687 774 729 apud
810 687 841 720 S.
872 687 1001 720 Mariam
1026 687 1087 719 Ma-

351 740 465 780 iorem,
502 740 561 772 sub
596 741 716 772 annulo
742 740 921 779 piscatoris,
948 741 998 772 die
1023 750 1086 772 xxti

350 792 487 826 ianuarii
512 802 723 833 MDCLxxxvn,
750 792 957 836 pontificatus
983 793 1085 824 nostri

351 857 437 880 anno
462 858 506 880 xL

386 908 446 936 Dat..
463 909 507 937 die
522 909 555 936 2⁶2
571 910 686 938 ianuarii
701 909 779 943 1687,
800 909 895 945 pontif.
915 917 958 937 an.
979 915 1016 936 xt.

629 1056 809 1090 CLXXVIII.

351 1145 572 1190 Confirmalur
611 1144 772 1177 decretum
818 1141 1088 1185 Conqreqatiom's

390 1200 608 1244 particularis
643 1208 740 1242 super
774 1197 947 1232 nonnullis
982 1195 1089 1229 dubiis

394 1255 480 1286 circa
496 1252 740 1286 constitutiones
758 1251 990 1285 monachorum
1010 1250 1089 1283 Con-

393 1305 594 1349 9re9alionis
618 1305 810 1344 Bavaricae,
831 1314 894 1346 quo
920 1303 1014 1335 eliam
1039 1313 1089 1334 ea:-

395 1360 542 1392 tenditur
565 1359 744 1392 auclorz'tas
777 1357 895 1390 nuncii
928 1355 1090 1389 Helvetio-

393 1422 469 1445 rum
482 1411 501 1444 ¹.

537 1492 732 1521 Innocentius
752 1493 831 1525 Papa
851 1491 899 1524 XI,

490 1539 527 1566 ad
547 1539 681 1566 futuram
702 1538 746 1565 rei
769 1537 952 1565 memoriam.

394 1612 409 1655 ἓ
425 1610 457 1644 1.
473 1610 584 1654 Nuper
597 1621 614 1643 a
628 1609 815 1653 particulari
829 1608 1088 1650 Congregatione

350 1665 585 1698 nonnullorum
611 1673 648 1695 ex
672 1662 910 1695 venerabilibus
935 1661 1089 1694 fratribus

348 1719 466 1752 nostris
492 1718 523 1751 S.
543 1718 578 1750 R.
599 1716 633 1749 E.
660 1715 879 1749 cardinalibus
912 1725 1011 1758 super
1035 1726 1090 1747 ne-

348 1772 448 1814 gociis
472 1769 745 1813 Congrcgationis
778 1769 953 1802 Bavaricae
982 1777 1088 1801 mona-

349 1826 488 1858 chorum
505 1824 635 1858 Ordinis
655 1823 684 1856 S.
703 1822 867 1856 Benedicti
887 1833 904 1854 a
929 1822 1022 1854 nobis
1041 1822 1090 1854 (le-

348 1880 461 1922 putata
477 1878 648 1918 emanavit,
659 1887 755 1920 super
769 1876 964 1919 quibusdam
983 1875 1089 1907 dubiis

348 1943 408 1975 pro
436 1937 527 1975 parte
559 1930 765 1974 superiorum
796 1934 829 1962 et
858 1929 1089 1962 monachorum

349 1984 618 2028 Congregationis
638 1983 826 2016 huiusmodi
841 1982 1090 2026 propositis,de-

350 2044 476 2072 cretum
502 2038 623 2071 tenoris
650 2037 705 2081 qui
731 2037 890 2080 sequitur,
917 2036 1087 2069 videlieet:

400 2103 414 2123 α
432 2091 517 2131 Cum,
533 2102 634 2134 super
651 2090 937 2123 constitutionibus
952 2089 1092 2131 Congre-

352 2145 490 2187 gationis
522 2145 693 2178 Bavaricae
720 2155 737 2176 a
762 2143 963 2176 sanctissimo
989 2142 1091 2175 domi-

351 2208 392 2231 no
425 2203 538 2231 nostro
563 2208 666 2240 nuper
699 2196 894 2240 approbatis,
921 2206 979 2238 pro
1000 2200 1089 2237 parte

352 2252 555 2294 superiorum
598 2256 629 2284 ct
671 2251 905 2283 monachorum
948 2248 1090 2281 eiusdem

352 2304 619 2347 Congregationis
658 2304 793 2337 excitata
833 2302 953 2335 suerint
992 2301 1091 2334 infra-

352 2358 472 2401 scripta
497 2357 607 2399 dubia,
628 2368 709 2401 quae
728 2356 860 2390 decerni
882 2361 914 2389 et
931 2354 1090 2388 declarari

408 2455 418 2480 1
438 2454 645 2482 Constitutiones
667 2454 748 2481 huius
763 2453 982 2489 Congrogationis
1002 2455 1091 2479 extant

354 2503 382 2526 ln
399 2503 483 2526 const.
500 2500 542 2526 ed.
556 2506 712 2533 MDCLxxe
730 2499 773 2526 die
789 2500 804 2526 6
820 2497 959 2532 tebruarii,
972 2502 1045 2533 pont.
1059 2506 1090 2530 x3

355 2544 429 2570 aliud
447 2552 508 2570 vero
524 2544 663 2570 decretum
675 2544 904 2579 Congregationes
920 2542 1091 2578 Regularium

356 2596 437 2623 super
453 2589 585 2615 electione
601 2589 727 2615 abbatum
744 2589 859 2615 liabetur
879 2589 905 2614 in
926 2589 1032 2616 constit.
1051 2587 1091 2615 ed-

353 2633 575 2667 ztDchxxt·1‚die
590 2634 605 2660 ‘J
620 2633 760 2668 februarii,
777 2634 871 2670 pontis.
889 2642 914 2661 x.

937 214 1117 237 BULLARIUM
1140 213 1292 236 ROMANUM

1129 261 1295 303 postulant
1319 260 1357 293 ab
1383 260 1497 294 eadem
1513 260 1704 303 particulari
1724 259 1877 303 Congre-,

1129 314 1258 356 gatione
1284 314 1616 347 eminentissimorum
1633 314 1664 346 S.
1685 313 1722 346 R.
1741 313 1775 346 E.
1795 323 1866 346 car-

1130 367 1286 399 dinalium
1322 378 1339 400 a
1374 366 1548 400 Sanctitate
1582 367 1645 400 Sua
1679 365 1866 409 specialiter

1131 420 1291 462 deputata,
1310 420 1470 454 vicelicet:
1497 420 1531 452 10
1548 421 1595 452 An
1621 420 1752 452 abbates
1770 419 1866 453 electi

1130 473 1169 505 ad
1195 473 1339 506 abbatias
1364 479 1396 506 et
1420 473 1617 508 monasteria
1641 473 1674 506 in
1699 472 1791 506 libris
1809 472 1866 505 Ca-

1131 536 1239 559 merae
1274 537 1341 560 non
1367 527 1531 570 descripta
1556 532 1729 560 teneantur
1751 530 1865 569 petere

1130 579 1170 611 ab
1184 580 1354 623 episcopis,
1373 582 1404 613 in
1426 592 1562 624 quorum
1577 579 1784 614 dioecesibus
1803 578 1867 611 sita

1130 638 1203 665 sunt
1222 633 1307 666 dicta
1331 635 1544 675 monasteria,
1566 645 1631 668 non
1656 635 1763 667 solum
1788 642 1866 665 con-

1131 684 1365 725 firmationem,
1389 688 1444 720 sed
1470 688 1567 721 etiam
1592 685 1864 724 benedictionem,

1130 749 1201 771 cum
1233 739 1265 771 in
1301 739 1418 772 litteris
1444 740 1635 783 apostolicis
1662 740 1716 772 fiat
1741 743 1866 771 tantum

1131 796 1251 829 mentio
1277 797 1315 829 de
1341 793 1597 834 confirmatione,
1615 794 1694 827 licet
1710 793 1866 828 resolutio

1132 849 1228 882 huius
1254 859 1363 881 sacrae
1380 848 1647 892 Congregationis
1664 848 1724 881 sub
1745 847 1797 880 die
1815 858 1867 882 x1v

1131 903 1205 936 maii
1237 912 1408 936 nineLxxxn
1439 904 1593 945 loquatur
1624 902 1663 934 de
1695 901 1867 935 confirma-

1132 960 1219 993 tione
1252 970 1309 993 seu
1337 958 1582 992 benedictione:
1609 956 1644 989 20
1669 957 1716 989 An
1741 957 1869 991 dioece-

1131 1015 1200 1048 sani
1219 1021 1390 1049 teneantur
1405 1016 1535 1049 mittere
1552 1015 1807 1050 commissarium
1828 1016 1868 1049 ad

1131 1070 1392 1105 interessendum
1417 1070 1583 1111 electioni,
1610 1081 1664 1110 ne,
1692 1070 1751 1103 sub
1776 1079 1871 1114 prae-

1131 1129 1217 1157 textu
1242 1124 1371 1166 ignotae
1396 1124 1559 1168 qualitatis
1582 1124 1688 1164 electi,
1707 1124 1869 1166 denegare

1132 1178 1257 1210 valcant
1274 1177 1575 1218 confirmationem3
1598 1181 1630 1210 et
1646 1187 1686 1209 an
1704 1176 1760 1210 tali
1781 1186 1873 1218 casu,¹

1132 1231 1327 1264 dioecesano
1341 1236 1501 1263 renuente
1513 1229 1705 1263 confirmare
1720 1229 1870 1270 electum,

1132 1284 1227 1318 liceat
1251 1295 1438 1324 recurrere,
1471 1284 1536 1317 sive
1569 1284 1608 1316 ad
1641 1283 1789 1317 Sanctam
1814 1282 1871 1316 Se-

1132 1338 1222 1379 dem,
1254 1339 1317 1372 sive
1352 1339 1390 1372 ad
1421 1338 1578 1373 nuncium
1603 1338 1868 1372 Helveticorum:

1131 1389 1166 1423 3⁰
1191 1391 1237 1423 Ad
1263 1401 1360 1434 quem
1390 1395 1516 1434 spectet
1547 1390 1739 1425 confirmare
1765 1396 1797 1424 et
1815 1391 1871 1424 be-

1132 1444 1283 1478 nedicere
1307 1445 1494 1487 praedictos
1519 1445 1672 1486 abbates,
1701 1446 1777 1479 sede
1802 1446 1871 1489 epi-

1131 1498 1252 1541 scopali
1272 1504 1414 1539 vacante,
1434 1504 1487 1531 aut
1504 1499 1750 1533 administrante
1767 1500 1871 1533 eccle-

1132 1551 1213 1586 siam
1231 1552 1379 1593 dclegato
1398 1552 1599 1595 apostolico:
1619 1552 1655 1585 40
1668 1553 1716 1585 An
1731 1552 1872 1596 Congre-

1132 1605 1218 1647 gatio
1244 1605 1430 1638 huiusmodi
1456 1606 1670 1649 supponenda
1699 1606 1740 1639 sit
1765 1606 1797 1640 in
1824 1611 1871 1640 to-

1134 1664 1199 1690 tum
1232 1658 1447 1692 iurisdictioni
1479 1659 1587 1691 nuncii
1612 1659 1782 1700 Helvetici,
1816 1659 1872 1703 qui

1134 1712 1230 1744 alium
1255 1712 1354 1745 veluti
1386 1712 1632 1755 privilegiorum
1666 1719 1871 1746 conservato-

1133 1777 1200 1800 rem
1220 1766 1411 1798 substituere
1429 1767 1546 1810 possit,
1569 1776 1641 1799 cum
1666 1766 1871 1800 facultatibus

1133 1819 1239 1852 eidem
1260 1830 1277 1851 a
1302 1819 1423 1852 nuncio
1442 1820 1588 1862 praelato
1606 1821 1869 1855 committendis:

1133 1871 1167 1904 50
1184 1873 1230 1904 An
1248 1873 1459 1905 renuentibus
1485 1873 1655 1905 monachis
1680 1873 1871 1906 monasterii

1133 1925 1318 1968 Superioris
1343 1925 1492 1966 Quercus,
1511 1927 1607 1968 vulgo
1626 1926 1868 1967 Obernalcaich,

1133 1989 1301 2012 remanere
1336 1979 1367 2011 in
1396 1979 1680 2022 Congregahone,
1715 1991 1780 2013 non
1813 1980 1870 2014 ob-

1133 2038 1238 2065 stante
1256 2033 1392 2076 proprio
1418 2044 1577 2067 consensu
1603 2034 1642 2066 ab
1669 2033 1760 2067 initio
1777 2045 1870 2078 prae-

1133 2087 1229 2128 stito,
1269 2087 1455 2130 deputanda
1487 2087 1527 2120 sit
1558 2097 1698 2131 persona
1731 2088 1866 2129 idonea,

1134 2151 1224 2184 (patae,
1251 2141 1432 2174 assistendo
1458 2141 1633 2175 visitationi
1659 2142 1698 2174 de
1723 2142 1869 2185 praefato

1132 2194 1327 2228 monasterio
1354 2194 1541 2236 faciendae,
1568 2195 1669 2238 possit
1692 2200 1868 2228 renuentes

1134 2248 1313 2281 monachos
1331 2248 1420 2280 illinc
1440 2259 1616 2289 removere,
1636 2248 1710 2281 etin
1723 2249 1794 2282 aliis
1808 2248 1869 2283 sibi

1134 2301 1295 2334 bencvisis
1318 2301 1524 2335 monasteriis
1555 2303 1735 2335 collocare:
1761 2301 1797 2335 60
1821 2303 1869 2336 An

1135 2355 1331 2387 monasterio
1352 2382 1359 2396 ‚
1389 2352 1466 2388 alias
1493 2355 1596 2388 dictae
1617 2355 1869 2398 Congregationi

1134 2409 1279 2451 legitime
1304 2408 1411 2449 unito,
1438 2408 1535 2441 liccat
1559 2409 1598 2442 ab
1631 2410 1743 2443 eadem
1773 2420 1866 2443 rece-

1136 2463 1230 2496 dere:
1250 2462 1284 2495 70
1309 2463 1356 2495 An
1377 2462 1472 2496 liceat
1490 2463 1652 2496 canonicis
1674 2463 1869 2497 Ratisbonae

1136 2516 1368 2550 dismembrare
1383 2517 1587 2560 parochiales
1598 2517 1718 2549 mensis
1731 2517 1871 2550 abhatia-

1136 2570 1217 2603 libus
1241 2570 1367 2603 unitas:
1400 2569 1435 2603 8⁰
1459 2570 1529 2612 An,
1556 2575 1727 2603 recusante
1751 2569 1884 2615 vicario¹

1136 2623 1307 2669 capitulari
1328 2623 1473 2659 eiusdem
1491 2624 1645 2660 ecclesiae
1664 2623 1884 2671 Ratisbonen2

1870 210 1920 238 An.
1940 210 1969 239 C.
1983 211 2050 241 1687
