<?xml version="1.0" encoding="UTF-8"?>
<!DOCTYPE html PUBLIC "-//W3C//DTD XHTML 1.0 Transitional//EN"
    "http://www.w3.org/TR/xhtml1/DTD/xhtml1-transitional.dtd">
<html xmlns="http://www.w3.org/1999/xhtml" xml:lang="en" lang="en">
 <head>
  <title>
</title>
<meta http-equiv="Content-Type" content="text/html;charset=utf-8" />
  <meta name='ocr-system' content='tesseract 3.04.00' />
  <meta name='ocr-capabilities' content='ocr_page ocr_carea ocr_par ocr_line ocrx_word'/>
</head>
<body>
  <div class='ocr_page' id='page_1' title='image "./bullarumdiplomat19cath_0281.png"; bbox 0 0 2111 3157; ppageno 0'>
   <div class='ocr_carea' id='block_1_1' title="bbox 17 219 199 248">
    <p class='ocr_par' dir='ltr' id='par_1_1' title="bbox 17 219 199 248">
     <span class='ocr_line' id='line_1_1' title="bbox 17 219 199 248; baseline -0.011 -1"><span class='ocrx_word' id='word_1_1' title='bbox 17 221 64 248; x_wconf 76' lang='lat' dir='ltr'>An.</span> <span class='ocrx_word' id='word_1_2' title='bbox 81 219 108 246; x_wconf 87' lang='lat' dir='ltr'>C.</span> <span class='ocrx_word' id='word_1_3' title='bbox 132 219 199 246; x_wconf 77' lang='lat'>¹080</span> 
     </span>
    </p>
   </div>
   <div class='ocr_carea' id='block_1_2' title="bbox 16 645 198 722">
    <p class='ocr_par' dir='ltr' id='par_1_2' title="bbox 16 645 198 722">
     <span class='ocr_line' id='line_1_2' title="bbox 68 645 197 665; baseline 0.008 -1"><span class='ocrx_word' id='word_1_4' title='bbox 68 645 153 665; x_wconf 62' lang='lat' dir='ltr'>&lt;travali</span> <span class='ocrx_word' id='word_1_5' title='bbox 171 645 197 665; x_wconf 81' lang='lat' dir='ltr'>ad</span> 
     </span>
     <span class='ocr_line' id='line_1_3' title="bbox 16 677 198 697; baseline 0.011 -7"><span class='ocrx_word' id='word_1_6' title='bbox 16 677 135 697; x_wconf 67' lang='lat' dir='ltr'>nuperiorea·</span> <span class='ocrx_word' id='word_1_7' title='bbox 149 677 198 692; x_wconf 81' lang='lat' dir='ltr'>con·</span> 
     </span>
     <span class='ocr_line' id='line_1_4' title="bbox 16 698 104 722; baseline 0 -4"><span class='ocrx_word' id='word_1_8' title='bbox 16 698 104 722; x_wconf 68' lang='lat' dir='ltr'>rugiant.</span> 
     </span>
    </p>
   </div>
   <div class='ocr_carea' id='block_1_3' title="bbox 19 1009 202 1161">
    <p class='ocr_par' dir='ltr' id='par_1_3' title="bbox 19 1009 202 1161">
     <span class='ocr_line' id='line_1_5' title="bbox 46 1009 200 1035; baseline -0.006 -6"><span class='ocrx_word' id='word_1_9' title='bbox 46 1009 75 1029; x_wconf 70' lang='lat' dir='ltr'>Du</span> <span class='ocrx_word' id='word_1_10' title='bbox 86 1009 200 1035; x_wconf 70' lang='lat' dir='ltr'>superiori-</span> 
     </span>
     <span class='ocr_line' id='line_1_6' title="bbox 19 1036 202 1057; baseline -0.016 0"><span class='ocrx_word' id='word_1_11' title='bbox 19 1037 57 1057; x_wconf 73' lang='lat' dir='ltr'>bus</span> <span class='ocrx_word' id='word_1_12' title='bbox 80 1036 132 1055; x_wconf 69' lang='lat' dir='ltr'>bena</span> <span class='ocrx_word' id='word_1_13' title='bbox 155 1041 202 1055; x_wconf 71' lang='lat' dir='ltr'>seu-</span> 
     </span>
     <span class='ocr_line' id='line_1_7' title="bbox 21 1064 198 1084; baseline 0 -4"><span class='ocrx_word' id='word_1_14' title='bbox 21 1064 84 1084; x_wconf 69' lang='lat' dir='ltr'>tmnt,</span> <span class='ocrx_word' id='word_1_15' title='bbox 99 1067 137 1081; x_wconf 82' lang='lat' dir='ltr'>nec</span> <span class='ocrx_word' id='word_1_16' title='bbox 151 1067 198 1080; x_wconf 65' lang='lat' dir='ltr'>con⁴</span> 
     </span>
     <span class='ocr_line' id='line_1_8' title="bbox 19 1087 202 1108; baseline -0.011 0"><span class='ocrx_word' id='word_1_17' title='bbox 19 1090 52 1108; x_wconf 74' lang='lat' dir='ltr'>tra</span> <span class='ocrx_word' id='word_1_18' title='bbox 79 1093 116 1107; x_wconf 71' lang='lat' dir='ltr'>ees</span> <span class='ocrx_word' id='word_1_19' title='bbox 159 1087 202 1106; x_wconf 88' lang='lat' dir='ltr'>uic·</span> 
     </span>
     <span class='ocr_line' id='line_1_9' title="bbox 21 1119 200 1139; baseline 0 -7"><span class='ocrx_word' id='word_1_20' title='bbox 21 1120 82 1139; x_wconf 65' lang='lat' dir='ltr'>uptam</span> <span class='ocrx_word' id='word_1_21' title='bbox 114 1119 200 1134; x_wconf 75' lang='lat' dir='ltr'>motan-</span> 
     </span>
     <span class='ocr_line' id='line_1_10' title="bbox 21 1143 60 1161; baseline 0 -1"><span class='ocrx_word' id='word_1_22' title='bbox 21 1143 60 1161; x_wconf 77' lang='lat' dir='ltr'>tur.</span> 
     </span>
    </p>
   </div>
   <div class='ocr_carea' id='block_1_4' title="bbox 27 1685 208 1735">
    <p class='ocr_par' dir='ltr' id='par_1_4' title="bbox 27 1685 208 1735">
     <span class='ocr_line' id='line_1_11' title="bbox 46 1685 208 1711; baseline -0.019 -4"><span class='ocrx_word' id='word_1_23' title='bbox 46 1686 155 1711; x_wconf 68' lang='lat' dir='ltr'>&#39;invigilent</span> <span class='ocrx_word' id='word_1_24' title='bbox 165 1685 208 1705; x_wconf 47' lang='lat'>³&amp;-</span> 
     </span>
     <span class='ocr_line' id='line_1_12' title="bbox 27 1717 192 1735; baseline -0.024 0"><span class='ocrx_word' id='word_1_25' title='bbox 27 1718 107 1735; x_wconf 66' lang='lat' dir='ltr'>aarum</span> <span class='ocrx_word' id='word_1_26' title='bbox 122 1717 192 1732; x_wconf 77' lang='lat' dir='ltr'>curae.</span> 
     </span>
    </p>
   </div>
   <div class='ocr_carea' id='block_1_5' title="bbox 780 216 1116 242">
    <p class='ocr_par' dir='ltr' id='par_1_5' title="bbox 780 216 1116 242">
     <span class='ocr_line' id='line_1_13' title="bbox 780 216 1116 242; baseline -0.009 0"><span class='ocrx_word' id='word_1_27' title='bbox 780 218 855 242; x_wconf 69' lang='lat' dir='ltr'>INNt·</span> <span class='ocrx_word' id='word_1_28' title='bbox 862 216 991 240; x_wconf 60' lang='lat' dir='ltr'>cssts&#39;rttts</span> <span class='ocrx_word' id='word_1_29' title='bbox 1013 217 1042 239; x_wconf 76' lang='lat' dir='ltr'>XI</span> <span class='ocrx_word' id='word_1_30' title='bbox 1069 216 1116 239; x_wconf 79' lang='lat' dir='ltr'>PP.</span> 
     </span>
    </p>
   </div>
   <div class='ocr_carea' id='block_1_6' title="bbox 207 268 949 1715">
    <p class='ocr_par' dir='ltr' id='par_1_6' title="bbox 207 268 935 621">
     <span class='ocr_line' id='line_1_14' title="bbox 207 268 933 309; baseline -0.007 -9"><span class='ocrx_word' id='word_1_31' title='bbox 207 269 257 300; x_wconf 84' lang='lat' dir='ltr'>vel</span> <span class='ocrx_word' id='word_1_32' title='bbox 281 268 484 300; x_wconf 88' lang='lat' dir='ltr'>commodum</span> <span class='ocrx_word' id='word_1_33' title='bbox 521 271 721 309; x_wconf 72' lang='lat' dir='ltr'>spectantes,</span> <span class='ocrx_word' id='word_1_34' title='bbox 750 271 933 307; x_wconf 86' lang='lat' dir='ltr'>promptum</span> 
     </span>
     <span class='ocr_line' id='line_1_15' title="bbox 207 318 934 362; baseline -0.006 -10"><span class='ocrx_word' id='word_1_35' title='bbox 207 330 334 362; x_wconf 80' lang='lat' dir='ltr'>semper</span> <span class='ocrx_word' id='word_1_36' title='bbox 351 326 381 352; x_wconf 91' lang='lat' dir='ltr'>et</span> <span class='ocrx_word' id='word_1_37' title='bbox 397 325 540 362; x_wconf 84' lang='lat' dir='ltr'>paratum</span> <span class='ocrx_word' id='word_1_38' title='bbox 560 318 699 350; x_wconf 86' lang='lat' dir='ltr'>animum</span> <span class='ocrx_word' id='word_1_39' title='bbox 730 318 870 349; x_wconf 84' lang='lat' dir='ltr'>habeant</span> <span class='ocrx_word' id='word_1_40' title='bbox 886 318 934 349; x_wconf 89' lang='lat' dir='ltr'>vel</span> 
     </span>
     <span class='ocr_line' id='line_1_16' title="bbox 207 369 935 411; baseline -0.007 -7"><span class='ocrx_word' id='word_1_41' title='bbox 207 372 375 411; x_wconf 86' lang='lat' dir='ltr'>manendi,</span> <span class='ocrx_word' id='word_1_42' title='bbox 401 373 450 404; x_wconf 89' lang='lat' dir='ltr'>vel</span> <span class='ocrx_word' id='word_1_43' title='bbox 475 372 535 403; x_wconf 74' lang='lat' dir='ltr'>alib</span> <span class='ocrx_word' id='word_1_44' title='bbox 561 370 677 409; x_wconf 89' lang='lat' dir='ltr'>eundi;</span> <span class='ocrx_word' id='word_1_45' title='bbox 703 369 748 401; x_wconf 86' lang='lat' dir='ltr'>sic</span> <span class='ocrx_word' id='word_1_46' title='bbox 773 374 878 401; x_wconf 83' lang='lat' dir='ltr'>tamen</span> <span class='ocrx_word' id='word_1_47' title='bbox 901 374 935 399; x_wconf 87' lang='lat' dir='ltr'>ut</span> 
     </span>
     <span class='ocr_line' id='line_1_17' title="bbox 207 421 934 466; baseline -0.007 -10"><span class='ocrx_word' id='word_1_48' title='bbox 207 424 239 456; x_wconf 93' lang='lat' dir='ltr'>in</span> <span class='ocrx_word' id='word_1_49' title='bbox 271 423 490 466; x_wconf 74' lang='lat' dir='ltr'>acceptatione</span> <span class='ocrx_word' id='word_1_50' title='bbox 525 433 560 455; x_wconf 82' lang='lat' dir='ltr'>ac</span> <span class='ocrx_word' id='word_1_51' title='bbox 591 421 776 454; x_wconf 70' lang='lat' dir='ltr'>dimissione</span> <span class='ocrx_word' id='word_1_52' title='bbox 801 431 856 451; x_wconf 85' lang='lat' dir='ltr'>seu</span> <span class='ocrx_word' id='word_1_53' title='bbox 885 430 934 451; x_wconf 90' lang='lat' dir='ltr'>re-</span> 
     </span>
     <span class='ocr_line' id='line_1_18' title="bbox 207 471 933 509; baseline -0.008 -1"><span class='ocrx_word' id='word_1_54' title='bbox 207 476 413 509; x_wconf 84' lang='lat' dir='ltr'>nunciatione</span> <span class='ocrx_word' id='word_1_55' title='bbox 427 474 583 507; x_wconf 85' lang='lat' dir='ltr'>eiusmodi</span> <span class='ocrx_word' id='word_1_56' title='bbox 601 472 833 505; x_wconf 76' lang='lat' dir='ltr'>beneficiorum</span> <span class='ocrx_word' id='word_1_57' title='bbox 855 471 933 502; x_wconf 90' lang='lat' dir='ltr'>ordo</span> 
     </span>
     <span class='ocr_line' id='line_1_19' title="bbox 209 523 935 567; baseline -0.011 -6"><span class='ocrx_word' id='word_1_58' title='bbox 209 528 334 561; x_wconf 87' lang='lat' dir='ltr'>debitus</span> <span class='ocrx_word' id='word_1_59' title='bbox 351 528 396 560; x_wconf 87' lang='lat' dir='ltr'>et¹</span> <span class='ocrx_word' id='word_1_60' title='bbox 417 525 671 567; x_wconf 87' lang='lat' dir='ltr'>uniuscuiusque</span> <span class='ocrx_word' id='word_1_61' title='bbox 690 523 847 556; x_wconf 82' lang='lat' dir='ltr'>dioecesis</span> <span class='ocrx_word' id='word_1_62' title='bbox 861 533 935 554; x_wconf 88' lang='lat' dir='ltr'>con-</span> 
     </span>
     <span class='ocr_line' id='line_1_20' title="bbox 209 578 720 621; baseline -0.01 -9"><span class='ocrx_word' id='word_1_63' title='bbox 209 580 343 613; x_wconf 90' lang='lat' dir='ltr'>suetudo</span> <span class='ocrx_word' id='word_1_64' title='bbox 369 588 498 621; x_wconf 92' lang='lat' dir='ltr'>semper</span> <span class='ocrx_word' id='word_1_65' title='bbox 522 578 720 609; x_wconf 78' lang='lat' dir='ltr'>observetur.</span> 
     </span>
    </p>

    <p class='ocr_par' dir='ltr' id='par_1_7' title="bbox 208 628 939 976">
     <span class='ocr_line' id='line_1_21' title="bbox 250 628 935 665; baseline -0.012 0"><span class='ocrx_word' id='word_1_66' title='bbox 250 641 360 665; x_wconf 78' lang='lat' dir='ltr'>xxxm.</span> <span class='ocrx_word' id='word_1_67' title='bbox 375 630 555 663; x_wconf 85' lang='lat' dir='ltr'>Secundum</span> <span class='ocrx_word' id='word_1_68' title='bbox 571 628 870 661; x_wconf 74' lang='lat' dir='ltr'>subordinationem</span> <span class='ocrx_word' id='word_1_69' title='bbox 885 637 935 658; x_wconf 90' lang='lat' dir='ltr'>su-</span> 
     </span>
     <span class='ocr_line' id='line_1_22' title="bbox 208 678 935 727; baseline -0.008 -12"><span class='ocrx_word' id='word_1_70' title='bbox 208 683 404 727; x_wconf 86' lang='lat' dir='ltr'>perioritatis</span> <span class='ocrx_word' id='word_1_71' title='bbox 425 687 456 714; x_wconf 90' lang='lat' dir='ltr'>et</span> <span class='ocrx_word' id='word_1_72' title='bbox 475 680 697 713; x_wconf 80' lang='lat' dir='ltr'>inferioritatis</span> <span class='ocrx_word' id='word_1_73' title='bbox 716 678 935 721; x_wconf 78' lang='lat' dir='ltr'>unusquisque</span> 
     </span>
     <span class='ocr_line' id='line_1_23' title="bbox 209 731 937 768; baseline -0.008 0"><span class='ocrx_word' id='word_1_74' title='bbox 209 735 452 768; x_wconf 79' lang='lat' dir='ltr'>conversatione</span> <span class='ocrx_word' id='word_1_75' title='bbox 478 736 533 765; x_wconf 76' lang='lat' dir='ltr'>sua</span> <span class='ocrx_word' id='word_1_76' title='bbox 549 734 597 765; x_wconf 88' lang='lat' dir='ltr'>vel</span> <span class='ocrx_word' id='word_1_77' title='bbox 616 732 719 765; x_wconf 82' lang='lat' dir='ltr'>officio</span> <span class='ocrx_word' id='word_1_78' title='bbox 744 732 783 763; x_wconf 84' lang='lat' dir='ltr'>ab</span> <span class='ocrx_word' id='word_1_79' title='bbox 809 731 871 763; x_wconf 88' lang='lat' dir='ltr'>alio</span> <span class='ocrx_word' id='word_1_80' title='bbox 897 731 937 762; x_wconf 92' lang='lat' dir='ltr'>di-</span> 
     </span>
     <span class='ocr_line' id='line_1_24' title="bbox 209 783 938 829; baseline -0.01 -9"><span class='ocrx_word' id='word_1_81' title='bbox 209 787 270 829; x_wconf 83' lang='lat' dir='ltr'>rigi</span> <span class='ocrx_word' id='word_1_82' title='bbox 295 786 455 829; x_wconf 86' lang='lat' dir='ltr'>patiatur:</span> <span class='ocrx_word' id='word_1_83' title='bbox 475 786 500 817; x_wconf 91' lang='lat' dir='ltr'>si</span> <span class='ocrx_word' id='word_1_84' title='bbox 527 785 597 827; x_wconf 86' lang='lat' dir='ltr'>quis</span> <span class='ocrx_word' id='word_1_85' title='bbox 624 790 728 816; x_wconf 88' lang='lat' dir='ltr'>tamen</span> <span class='ocrx_word' id='word_1_86' title='bbox 755 784 835 815; x_wconf 83' lang='lat' dir='ltr'>sorte</span> <span class='ocrx_word' id='word_1_87' title='bbox 862 783 938 814; x_wconf 90' lang='lat' dir='ltr'>irra-</span> 
     </span>
     <span class='ocr_line' id='line_1_25' title="bbox 211 837 936 879; baseline -0.007 -8"><span class='ocrx_word' id='word_1_88' title='bbox 211 839 355 872; x_wconf 88' lang='lat' dir='ltr'>tionabili</span> <span class='ocrx_word' id='word_1_89' title='bbox 369 844 400 871; x_wconf 84' lang='lat' dir='ltr'>et</span> <span class='ocrx_word' id='word_1_90' title='bbox 417 838 593 870; x_wconf 85' lang='lat' dir='ltr'>indiscreto</span> <span class='ocrx_word' id='word_1_91' title='bbox 616 837 752 879; x_wconf 89' lang='lat' dir='ltr'>imperio</span> <span class='ocrx_word' id='word_1_92' title='bbox 777 842 936 878; x_wconf 81' lang='lat' dir='ltr'>gravetur,</span> 
     </span>
     <span class='ocr_line' id='line_1_26' title="bbox 210 887 939 933; baseline -0.004 -11"><span class='ocrx_word' id='word_1_93' title='bbox 210 892 247 923; x_wconf 85' lang='lat' dir='ltr'>ad</span> <span class='ocrx_word' id='word_1_94' title='bbox 267 890 469 933; x_wconf 86' lang='lat' dir='ltr'>superiorem</span> <span class='ocrx_word' id='word_1_95' title='bbox 486 895 638 927; x_wconf 85' lang='lat' dir='ltr'>recurrat,</span> <span class='ocrx_word' id='word_1_96' title='bbox 654 889 707 931; x_wconf 85' lang='lat' dir='ltr'>qui</span> <span class='ocrx_word' id='word_1_97' title='bbox 729 898 786 930; x_wconf 89' lang='lat' dir='ltr'>pro</span> <span class='ocrx_word' id='word_1_98' title='bbox 801 890 855 919; x_wconf 79' lang='lat' dir='ltr'>sua</span> <span class='ocrx_word' id='word_1_99' title='bbox 876 887 939 919; x_wconf 86' lang='lat' dir='ltr'>dis-</span> 
     </span>
     <span class='ocr_line' id='line_1_27' title="bbox 210 940 893 976; baseline -0.006 -1"><span class='ocrx_word' id='word_1_100' title='bbox 210 943 352 976; x_wconf 76' lang='lat' dir='ltr'>cretione</span> <span class='ocrx_word' id='word_1_101' title='bbox 370 942 402 974; x_wconf 93' lang='lat' dir='ltr'>in</span> <span class='ocrx_word' id='word_1_102' title='bbox 419 942 554 974; x_wconf 90' lang='lat' dir='ltr'>Domino</span> <span class='ocrx_word' id='word_1_103' title='bbox 568 941 745 973; x_wconf 89' lang='lat' dir='ltr'>remedium</span> <span class='ocrx_word' id='word_1_104' title='bbox 770 940 893 972; x_wconf 78' lang='lat' dir='ltr'>ass‘eret.</span> 
     </span>
    </p>

    <p class='ocr_par' dir='ltr' id='par_1_8' title="bbox 211 993 947 1610">
     <span class='ocr_line' id='line_1_28' title="bbox 252 993 940 1037; baseline -0.007 -9"><span class='ocrx_word' id='word_1_105' title='bbox 252 1005 355 1028; x_wconf 78' lang='lat' dir='ltr'>xxxlv.</span> <span class='ocrx_word' id='word_1_106' title='bbox 381 994 603 1037; x_wconf 81' lang='lat' dir='ltr'>Superioribus</span> <span class='ocrx_word' id='word_1_107' title='bbox 634 1003 707 1025; x_wconf 89' lang='lat' dir='ltr'>suas</span> <span class='ocrx_word' id='word_1_108' title='bbox 732 993 940 1025; x_wconf 70' lang='lat' dir='ltr'>necessitates</span> 
     </span>
     <span class='ocr_line' id='line_1_29' title="bbox 212 1044 941 1089; baseline -0.007 -9"><span class='ocrx_word' id='word_1_109' title='bbox 212 1047 347 1080; x_wconf 86' lang='lat' dir='ltr'>candide</span> <span class='ocrx_word' id='word_1_110' title='bbox 373 1046 532 1089; x_wconf 87' lang='lat' dir='ltr'>aperiant,</span> <span class='ocrx_word' id='word_1_111' title='bbox 552 1051 592 1086; x_wconf 82' lang='lat' dir='ltr'>et,</span> <span class='ocrx_word' id='word_1_112' title='bbox 613 1045 726 1078; x_wconf 88' lang='lat' dir='ltr'>amotis</span> <span class='ocrx_word' id='word_1_113' title='bbox 751 1044 941 1087; x_wconf 84' lang='lat' dir='ltr'>suspicioni—</span> 
     </span>
     <span class='ocr_line' id='line_1_30' title="bbox 211 1096 942 1139; baseline -0.005 -8"><span class='ocrx_word' id='word_1_114' title='bbox 211 1099 284 1138; x_wconf 84' lang='lat' dir='ltr'>bus,</span> <span class='ocrx_word' id='word_1_115' title='bbox 311 1109 422 1131; x_wconf 89' lang='lat' dir='ltr'>eorum</span> <span class='ocrx_word' id='word_1_116' title='bbox 449 1099 533 1130; x_wconf 87' lang='lat' dir='ltr'>dicta</span> <span class='ocrx_word' id='word_1_117' title='bbox 557 1103 589 1130; x_wconf 91' lang='lat' dir='ltr'>et</span> <span class='ocrx_word' id='word_1_118' title='bbox 612 1098 694 1130; x_wconf 82' lang='lat' dir='ltr'>sacta</span> <span class='ocrx_word' id='word_1_119' title='bbox 717 1097 759 1129; x_wconf 87' lang='lat' dir='ltr'>ita</span> <span class='ocrx_word' id='word_1_120' title='bbox 783 1096 942 1139; x_wconf 68' lang='lat' dir='ltr'>accipiant</span> 
     </span>
     <span class='ocr_line' id='line_1_31' title="bbox 213 1150 942 1194; baseline -0.004 -10"><span class='ocrx_word' id='word_1_121' title='bbox 213 1157 247 1184; x_wconf 93' lang='lat' dir='ltr'>ut</span> <span class='ocrx_word' id='word_1_122' title='bbox 263 1161 391 1194; x_wconf 85' lang='lat' dir='ltr'>semper</span> <span class='ocrx_word' id='word_1_123' title='bbox 410 1151 442 1182; x_wconf 93' lang='lat' dir='ltr'>in</span> <span class='ocrx_word' id='word_1_124' title='bbox 460 1150 627 1182; x_wconf 89' lang='lat' dir='ltr'>meliorem</span> <span class='ocrx_word' id='word_1_125' title='bbox 645 1155 767 1192; x_wconf 84' lang='lat' dir='ltr'>partem</span> <span class='ocrx_word' id='word_1_126' title='bbox 786 1150 942 1190; x_wconf 82' lang='lat' dir='ltr'>interpre-</span> 
     </span>
     <span class='ocr_line' id='line_1_32' title="bbox 213 1201 942 1246; baseline -0.005 -10"><span class='ocrx_word' id='word_1_127' title='bbox 213 1209 330 1241; x_wconf 89' lang='lat' dir='ltr'>tentur,</span> <span class='ocrx_word' id='word_1_128' title='bbox 353 1203 412 1236; x_wconf 83' lang='lat' dir='ltr'>etsi</span> <span class='ocrx_word' id='word_1_129' title='bbox 433 1203 582 1246; x_wconf 87' lang='lat' dir='ltr'>propriae</span> <span class='ocrx_word' id='word_1_130' title='bbox 600 1202 752 1234; x_wconf 87' lang='lat' dir='ltr'>voluntati</span> <span class='ocrx_word' id='word_1_131' title='bbox 778 1206 808 1233; x_wconf 91' lang='lat' dir='ltr'>et</span> <span class='ocrx_word' id='word_1_132' title='bbox 824 1201 942 1233; x_wconf 88' lang='lat' dir='ltr'>iudicio</span> 
     </span>
     <span class='ocr_line' id='line_1_33' title="bbox 213 1253 941 1293; baseline -0.004 -6"><span class='ocrx_word' id='word_1_133' title='bbox 213 1255 374 1288; x_wconf 82' lang='lat' dir='ltr'>contraria</span> <span class='ocrx_word' id='word_1_134' title='bbox 394 1264 462 1286; x_wconf 81' lang='lat' dir='ltr'>esse</span> <span class='ocrx_word' id='word_1_135' title='bbox 493 1254 680 1293; x_wconf 85' lang='lat' dir='ltr'>videantur·,</span> <span class='ocrx_word' id='word_1_136' title='bbox 706 1253 841 1285; x_wconf 77' lang='lat' dir='ltr'>maxime</span> <span class='ocrx_word' id='word_1_137' title='bbox 866 1263 941 1284; x_wconf 86' lang='lat' dir='ltr'>vero</span> 
     </span>
     <span class='ocr_line' id='line_1_34' title="bbox 214 1306 944 1339; baseline -0.005 0"><span class='ocrx_word' id='word_1_138' title='bbox 214 1312 344 1339; x_wconf 82' lang='lat' dir='ltr'>caveant</span> <span class='ocrx_word' id='word_1_139' title='bbox 361 1316 525 1338; x_wconf 83' lang='lat' dir='ltr'>murmura</span> <span class='ocrx_word' id='word_1_140' title='bbox 542 1311 572 1338; x_wconf 90' lang='lat' dir='ltr'>et</span> <span class='ocrx_word' id='word_1_141' title='bbox 592 1306 744 1339; x_wconf 84' lang='lat' dir='ltr'>sactiones</span> <span class='ocrx_word' id='word_1_142' title='bbox 763 1311 874 1338; x_wconf 87' lang='lat' dir='ltr'>contra</span> <span class='ocrx_word' id='word_1_143' title='bbox 893 1316 944 1336; x_wconf 88' lang='lat' dir='ltr'>su—</span> 
     </span>
     <span class='ocr_line' id='line_1_35' title="bbox 214 1358 945 1402; baseline -0.001 -11"><span class='ocrx_word' id='word_1_144' title='bbox 214 1358 376 1402; x_wconf 87' lang='lat' dir='ltr'>periorum</span> <span class='ocrx_word' id='word_1_145' title='bbox 412 1358 640 1401; x_wconf 84' lang='lat' dir='ltr'>dispositiones</span> <span class='ocrx_word' id='word_1_146' title='bbox 676 1358 833 1396; x_wconf 78' lang='lat' dir='ltr'>excitare,</span> <span class='ocrx_word' id='word_1_147' title='bbox 865 1358 945 1390; x_wconf 79' lang='lat' dir='ltr'>haec</span> 
     </span>
     <span class='ocr_line' id='line_1_36' title="bbox 215 1410 946 1448; baseline -0.001 -5"><span class='ocrx_word' id='word_1_148' title='bbox 215 1411 301 1443; x_wconf 85' lang='lat' dir='ltr'>enim</span> <span class='ocrx_word' id='word_1_149' title='bbox 332 1415 474 1442; x_wconf 85' lang='lat' dir='ltr'>mutuam</span> <span class='ocrx_word' id='word_1_150' title='bbox 498 1410 683 1443; x_wconf 85' lang='lat' dir='ltr'>charitatem</span> <span class='ocrx_word' id='word_1_151' title='bbox 708 1410 868 1448; x_wconf 87' lang='lat' dir='ltr'>scindunt,</span> <span class='ocrx_word' id='word_1_152' title='bbox 889 1410 946 1442; x_wconf 92' lang='lat' dir='ltr'>bo-</span> 
     </span>
     <span class='ocr_line' id='line_1_37' title="bbox 215 1462 946 1504; baseline 0 -10"><span class='ocrx_word' id='word_1_153' title='bbox 215 1473 292 1494; x_wconf 88' lang='lat' dir='ltr'>num</span> <span class='ocrx_word' id='word_1_154' title='bbox 318 1462 462 1504; x_wconf 81' lang='lat' dir='ltr'>regimen</span> <span class='ocrx_word' id='word_1_155' title='bbox 493 1463 682 1502; x_wconf 79' lang='lat' dir='ltr'>disturbant,</span> <span class='ocrx_word' id='word_1_156' title='bbox 709 1469 741 1495; x_wconf 90' lang='lat' dir='ltr'>et</span> <span class='ocrx_word' id='word_1_157' title='bbox 765 1463 865 1494; x_wconf 88' lang='lat' dir='ltr'>instar</span> <span class='ocrx_word' id='word_1_158' title='bbox 890 1473 946 1504; x_wconf 89' lang='lat' dir='ltr'>pe-</span> 
     </span>
     <span class='ocr_line' id='line_1_38' title="bbox 216 1513 947 1557; baseline -0.001 -11"><span class='ocrx_word' id='word_1_159' title='bbox 216 1515 272 1546; x_wconf 89' lang='lat' dir='ltr'>stis</span> <span class='ocrx_word' id='word_1_160' title='bbox 299 1524 416 1557; x_wconf 86' lang='lat' dir='ltr'>corpus</span> <span class='ocrx_word' id='word_1_161' title='bbox 439 1515 589 1557; x_wconf 85' lang='lat' dir='ltr'>viresque</span> <span class='ocrx_word' id='word_1_162' title='bbox 621 1515 857 1547; x_wconf 74' lang='lat' dir='ltr'>communitatis</span> <span class='ocrx_word' id='word_1_163' title='bbox 878 1513 947 1546; x_wconf 84' lang='lat' dir='ltr'>infi-</span> 
     </span>
     <span class='ocr_line' id='line_1_39' title="bbox 218 1567 897 1610; baseline 0 -11"><span class='ocrx_word' id='word_1_164' title='bbox 218 1567 318 1606; x_wconf 84' lang='lat' dir='ltr'>ciunt,</span> <span class='ocrx_word' id='word_1_165' title='bbox 338 1578 373 1599; x_wconf 83' lang='lat' dir='ltr'>ac</span> <span class='ocrx_word' id='word_1_166' title='bbox 391 1567 499 1599; x_wconf 90' lang='lat' dir='ltr'>divino</span> <span class='ocrx_word' id='word_1_167' title='bbox 525 1568 649 1610; x_wconf 89' lang='lat' dir='ltr'>spiritui</span> <span class='ocrx_word' id='word_1_168' title='bbox 677 1568 897 1600; x_wconf 76' lang='lat' dir='ltr'>adversantur.</span> 
     </span>
    </p>

    <p class='ocr_par' dir='ltr' id='par_1_9' title="bbox 261 1623 949 1715">
     <span class='ocr_line' id='line_1_40' title="bbox 426 1623 738 1654; baseline 0.003 -2"><span class='ocrx_word' id='word_1_169' title='bbox 426 1623 466 1652; x_wconf 82' lang='lat' dir='ltr'>De</span> <span class='ocrx_word' id='word_1_170' title='bbox 486 1627 551 1653; x_wconf 65' lang='lat' dir='ltr'>cura</span> <span class='ocrx_word' id='word_1_171' title='bbox 573 1626 738 1654; x_wconf 67' lang='lat' dir='ltr'>(atiniarum.</span> 
     </span>
     <span class='ocr_line' id='line_1_41' title="bbox 261 1672 949 1715; baseline -0.001 -9"><span class='ocrx_word' id='word_1_172' title='bbox 261 1682 350 1706; x_wconf 78' lang='lat' dir='ltr'>xxxv.</span> <span class='ocrx_word' id='word_1_173' title='bbox 362 1672 437 1705; x_wconf 89' lang='lat' dir='ltr'>Cum</span> <span class='ocrx_word' id='word_1_174' title='bbox 453 1683 512 1714; x_wconf 91' lang='lat' dir='ltr'>pro</span> <span class='ocrx_word' id='word_1_175' title='bbox 527 1679 653 1706; x_wconf 85' lang='lat' dir='ltr'>nostrae</span> <span class='ocrx_word' id='word_1_176' title='bbox 666 1674 840 1705; x_wconf 81' lang='lat' dir='ltr'>vocationis</span> <span class='ocrx_word' id='word_1_177' title='bbox 851 1684 949 1715; x_wconf 90' lang='lat' dir='ltr'>scopo</span> 
     </span>
    </p>
   </div>
   <div class='ocr_carea' id='block_1_7' title="bbox 220 1725 974 1821">
    <p class='ocr_par' dir='ltr' id='par_1_10' title="bbox 220 1725 974 1821">
     <span class='ocr_line' id='line_1_42' title="bbox 220 1725 974 1758; baseline -0.001 0"><span class='ocrx_word' id='word_1_178' title='bbox 220 1726 398 1758; x_wconf 81' lang='lat' dir='ltr'>habeamus</span> <span class='ocrx_word' id='word_1_179' title='bbox 422 1725 508 1757; x_wconf 79' lang='lat' dir='ltr'>iuxta</span> <span class='ocrx_word' id='word_1_180' title='bbox 535 1736 681 1758; x_wconf 83' lang='lat' dir='ltr'>normam</span> <span class='ocrx_word' id='word_1_181' title='bbox 708 1736 871 1758; x_wconf 86' lang='lat' dir='ltr'>sacrorum</span> <span class='ocrx_word' id='word_1_182' title='bbox 901 1738 974 1757; x_wconf 47' lang='lat' dir='ltr'>cti-r</span> 
     </span>
     <span class='ocr_line' id='line_1_43' title="bbox 221 1778 974 1821; baseline -0.003 -10"><span class='ocrx_word' id='word_1_183' title='bbox 221 1788 345 1811; x_wconf 89' lang='lat' dir='ltr'>nonum</span> <span class='ocrx_word' id='word_1_184' title='bbox 378 1779 462 1821; x_wconf 84' lang='lat' dir='ltr'>(quo</span> <span class='ocrx_word' id='word_1_185' title='bbox 495 1778 532 1809; x_wconf 86' lang='lat' dir='ltr'>ad</span> <span class='ocrx_word' id='word_1_186' title='bbox 565 1778 632 1810; x_wconf 87' lang='lat' dir='ltr'>eius</span> <span class='ocrx_word' id='word_1_187' title='bbox 660 1779 729 1810; x_wconf 85' lang='lat' dir='ltr'>lieri</span> <span class='ocrx_word' id='word_1_188' title='bbox 755 1779 895 1820; x_wconf 81' lang='lat' dir='ltr'>poterit)</span> <span class='ocrx_word' id='word_1_189' title='bbox 922 1783 974 1809; x_wconf 59' lang='lat' dir='ltr'>et=</span> 
     </span>
    </p>
   </div>
   <div class='ocr_carea' id='block_1_8' title="bbox 221 1830 954 1926">
    <p class='ocr_par' dir='ltr' id='par_1_11' title="bbox 221 1830 954 1926">
     <span class='ocr_line' id='line_1_44' title="bbox 221 1830 952 1873; baseline -0.001 -10"><span class='ocrx_word' id='word_1_190' title='bbox 221 1832 304 1864; x_wconf 86' lang='lat' dir='ltr'>vitae</span> <span class='ocrx_word' id='word_1_191' title='bbox 341 1831 578 1863; x_wconf 86' lang='lat' dir='ltr'>ecclesiasticae</span> <span class='ocrx_word' id='word_1_192' title='bbox 621 1832 824 1863; x_wconf 79' lang='lat' dir='ltr'>honestatem</span> <span class='ocrx_word' id='word_1_193' title='bbox 863 1830 952 1873; x_wconf 89' lang='lat' dir='ltr'>puri-</span> 
     </span>
     <span class='ocr_line' id='line_1_45' title="bbox 223 1883 954 1926; baseline -0.003 -11"><span class='ocrx_word' id='word_1_194' title='bbox 223 1889 388 1926; x_wconf 84' lang='lat' dir='ltr'>tatemque</span> <span class='ocrx_word' id='word_1_195' title='bbox 407 1883 520 1921; x_wconf 85' lang='lat' dir='ltr'>virere,</span> <span class='ocrx_word' id='word_1_196' title='bbox 539 1888 571 1914; x_wconf 90' lang='lat' dir='ltr'>et</span> <span class='ocrx_word' id='word_1_197' title='bbox 588 1883 681 1915; x_wconf 88' lang='lat' dir='ltr'>simul</span> <span class='ocrx_word' id='word_1_198' title='bbox 699 1893 757 1925; x_wconf 82' lang='lat' dir='ltr'>per</span> <span class='ocrx_word' id='word_1_199' title='bbox 771 1883 954 1914; x_wconf 80' lang='lat' dir='ltr'>functiones</span> 
     </span>
    </p>
   </div>
   <div class='ocr_carea' id='block_1_9' title="bbox 224 1935 977 1979">
    <p class='ocr_par' dir='ltr' id='par_1_12' title="bbox 224 1935 977 1979">
     <span class='ocr_line' id='line_1_46' title="bbox 224 1935 977 1979; baseline -0.003 -11"><span class='ocrx_word' id='word_1_200' title='bbox 224 1936 426 1979; x_wconf 73' lang='lat' dir='ltr'>parochiales</span> <span class='ocrx_word' id='word_1_201' title='bbox 443 1935 497 1967; x_wconf 90' lang='lat' dir='ltr'>Dei</span> <span class='ocrx_word' id='word_1_202' title='bbox 518 1935 674 1968; x_wconf 87' lang='lat' dir='ltr'>honorem</span> <span class='ocrx_word' id='word_1_203' title='bbox 689 1941 719 1967; x_wconf 83' lang='lat' dir='ltr'>et</span> <span class='ocrx_word' id='word_1_204' title='bbox 736 1936 869 1967; x_wconf 85' lang='lat' dir='ltr'>salutem</span> <span class='ocrx_word' id='word_1_205' title='bbox 888 1935 956 1966; x_wconf 88' lang='lat' dir='ltr'>ani-</span> <span class='ocrx_word' id='word_1_206' title='bbox 975 1953 977 1960; x_wconf 47' lang='grc' dir='ltr'><strong>ι</strong></span> 
     </span>
    </p>
   </div>
   <div class='ocr_carea' id='block_1_10' title="bbox 226 1987 961 2607">
    <p class='ocr_par' dir='ltr' id='par_1_13' title="bbox 226 1987 961 2607">
     <span class='ocr_line' id='line_1_47' title="bbox 226 1987 955 2030; baseline 0 -11"><span class='ocrx_word' id='word_1_207' title='bbox 226 1998 350 2020; x_wconf 87' lang='lat' dir='ltr'>marum</span> <span class='ocrx_word' id='word_1_208' title='bbox 382 1987 507 2019; x_wconf 86' lang='lat' dir='ltr'>sincere</span> <span class='ocrx_word' id='word_1_209' title='bbox 547 1992 642 2030; x_wconf 86' lang='lat' dir='ltr'>atque</span> <span class='ocrx_word' id='word_1_210' title='bbox 680 1987 850 2029; x_wconf 76' lang='lat' dir='ltr'>vigilanter</span> <span class='ocrx_word' id='word_1_211' title='bbox 885 1998 955 2019; x_wconf 84' lang='lat' dir='ltr'>cum</span> 
     </span>
     <span class='ocr_line' id='line_1_48' title="bbox 227 2040 956 2083; baseline -0.001 -11"><span class='ocrx_word' id='word_1_212' title='bbox 227 2041 377 2083; x_wconf 84' lang='lat' dir='ltr'>propriae</span> <span class='ocrx_word' id='word_1_213' title='bbox 391 2040 598 2082; x_wconf 81' lang='lat' dir='ltr'>perfectionis</span> <span class='ocrx_word' id='word_1_214' title='bbox 616 2040 720 2072; x_wconf 84' lang='lat' dir='ltr'>studio</span> <span class='ocrx_word' id='word_1_215' title='bbox 738 2051 796 2082; x_wconf 89' lang='lat' dir='ltr'>per</span> <span class='ocrx_word' id='word_1_216' title='bbox 813 2040 868 2072; x_wconf 90' lang='lat' dir='ltr'>Dei</span> <span class='ocrx_word' id='word_1_217' title='bbox 888 2050 956 2081; x_wconf 76' lang='lat' dir='ltr'>gra-</span> 
     </span>
     <span class='ocr_line' id='line_1_49' title="bbox 227 2092 956 2136; baseline -0.003 -11"><span class='ocrx_word' id='word_1_218' title='bbox 227 2093 301 2125; x_wconf 82' lang='lat' dir='ltr'>tiam</span> <span class='ocrx_word' id='word_1_219' title='bbox 316 2102 518 2136; x_wconf 80' lang='lat' dir='ltr'>promovere·7</span> <span class='ocrx_word' id='word_1_220' title='bbox 531 2092 651 2125; x_wconf 87' lang='lat' dir='ltr'>idcirco</span> <span class='ocrx_word' id='word_1_221' title='bbox 663 2094 846 2124; x_wconf 74' lang='lat' dir='ltr'>sacerdotes</span> <span class='ocrx_word' id='word_1_222' title='bbox 862 2093 956 2124; x_wconf 89' lang='lat' dir='ltr'>huius</span> 
     </span>
     <span class='ocr_line' id='line_1_50' title="bbox 226 2144 959 2187; baseline -0.001 -10"><span class='ocrx_word' id='word_1_223' title='bbox 226 2145 310 2178; x_wconf 84' lang='lat' dir='ltr'>vitae</span> <span class='ocrx_word' id='word_1_224' title='bbox 335 2144 489 2187; x_wconf 75' lang='lat' dir='ltr'>singulari</span> <span class='ocrx_word' id='word_1_225' title='bbox 516 2145 672 2176; x_wconf 76' lang='lat' dir='ltr'>industria</span> <span class='ocrx_word' id='word_1_226' title='bbox 697 2145 813 2176; x_wconf 85' lang='lat' dir='ltr'>dictam</span> <span class='ocrx_word' id='word_1_227' title='bbox 840 2145 959 2176; x_wconf 88' lang='lat' dir='ltr'>anima-</span> 
     </span>
     <span class='ocr_line' id='line_1_51' title="bbox 227 2197 958 2239; baseline -0.003 -9"><span class='ocrx_word' id='word_1_228' title='bbox 227 2208 299 2230; x_wconf 85' lang='lat' dir='ltr'>rum</span> <span class='ocrx_word' id='word_1_229' title='bbox 328 2208 437 2230; x_wconf 84' lang='lat' dir='ltr'>curam</span> <span class='ocrx_word' id='word_1_230' title='bbox 462 2197 672 2236; x_wconf 80' lang='lat' dir='ltr'>exercebunt,</span> <span class='ocrx_word' id='word_1_231' title='bbox 697 2203 728 2229; x_wconf 89' lang='lat' dir='ltr'>et</span> <span class='ocrx_word' id='word_1_232' title='bbox 760 2197 889 2239; x_wconf 89' lang='lat' dir='ltr'>quidem</span> <span class='ocrx_word' id='word_1_233' title='bbox 922 2199 958 2229; x_wconf 78' lang='lat' dir='ltr'>ea</span> 
     </span>
     <span class='ocr_line' id='line_1_52' title="bbox 228 2249 959 2289; baseline -0.001 -7"><span class='ocrx_word' id='word_1_234' title='bbox 228 2250 364 2282; x_wconf 77' lang='lat' dir='ltr'>ferventi</span> <span class='ocrx_word' id='word_1_235' title='bbox 395 2249 553 2281; x_wconf 81' lang='lat' dir='ltr'>charitate</span> <span class='ocrx_word' id='word_1_236' title='bbox 595 2260 629 2281; x_wconf 87' lang='lat' dir='ltr'>ac</span> <span class='ocrx_word' id='word_1_237' title='bbox 659 2249 901 2289; x_wconf 88' lang='lat' dir='ltr'>sollicitudine,</span> <span class='ocrx_word' id='word_1_238' title='bbox 926 2255 959 2281; x_wconf 89' lang='lat' dir='ltr'>ut</span> 
     </span>
     <span class='ocr_line' id='line_1_53' title="bbox 229 2301 959 2344; baseline -0.005 -9"><span class='ocrx_word' id='word_1_239' title='bbox 229 2313 333 2344; x_wconf 84' lang='lat' dir='ltr'>neque</span> <span class='ocrx_word' id='word_1_240' title='bbox 367 2302 399 2333; x_wconf 89' lang='lat' dir='ltr'>in</span> <span class='ocrx_word' id='word_1_241' title='bbox 434 2301 532 2333; x_wconf 84' lang='lat' dir='ltr'>verbo</span> <span class='ocrx_word' id='word_1_242' title='bbox 571 2311 675 2343; x_wconf 89' lang='lat' dir='ltr'>neque</span> <span class='ocrx_word' id='word_1_243' title='bbox 711 2301 743 2332; x_wconf 91' lang='lat' dir='ltr'>in</span> <span class='ocrx_word' id='word_1_244' title='bbox 775 2311 873 2342; x_wconf 79' lang='lat' dir='ltr'>opere</span> <span class='ocrx_word' id='word_1_245' title='bbox 905 2306 959 2333; x_wconf 88' lang='lat' dir='ltr'>aut</span> 
     </span>
     <span class='ocr_line' id='line_1_54' title="bbox 230 2353 959 2397; baseline -0.001 -10"><span class='ocrx_word' id='word_1_246' title='bbox 230 2355 376 2397; x_wconf 79' lang='lat' dir='ltr'>exemplo</span> <span class='ocrx_word' id='word_1_247' title='bbox 395 2354 480 2386; x_wconf 84' lang='lat' dir='ltr'>hono</span> <span class='ocrx_word' id='word_1_248' title='bbox 498 2353 619 2395; x_wconf 84' lang='lat' dir='ltr'>aliquid</span> <span class='ocrx_word' id='word_1_249' title='bbox 641 2353 852 2392; x_wconf 82' lang='lat' dir='ltr'>desideretur,</span> <span class='ocrx_word' id='word_1_250' title='bbox 873 2355 959 2396; x_wconf 86' lang='lat' dir='ltr'>quod</span> 
     </span>
     <span class='ocr_line' id='line_1_55' title="bbox 231 2405 960 2444; baseline -0.001 -5"><span class='ocrx_word' id='word_1_251' title='bbox 231 2408 270 2439; x_wconf 88' lang='lat' dir='ltr'>ad</span> <span class='ocrx_word' id='word_1_252' title='bbox 290 2407 429 2439; x_wconf 85' lang='lat' dir='ltr'>oviculas</span> <span class='ocrx_word' id='word_1_253' title='bbox 458 2406 517 2438; x_wconf 85' lang='lat' dir='ltr'>sibi</span> <span class='ocrx_word' id='word_1_254' title='bbox 543 2405 756 2444; x_wconf 85' lang='lat' dir='ltr'>concreditas,</span> <span class='ocrx_word' id='word_1_255' title='bbox 773 2406 867 2437; x_wconf 82' lang='lat' dir='ltr'>etiam</span> <span class='ocrx_word' id='word_1_256' title='bbox 889 2417 960 2438; x_wconf 90' lang='lat' dir='ltr'>cum</span> 
     </span>
     <span class='ocr_line' id='line_1_56' title="bbox 233 2457 961 2501; baseline -0.001 -9"><span class='ocrx_word' id='word_1_257' title='bbox 233 2465 376 2492; x_wconf 85' lang='lat' dir='ltr'>extremo</span> <span class='ocrx_word' id='word_1_258' title='bbox 401 2459 482 2491; x_wconf 86' lang='lat' dir='ltr'>vitae</span> <span class='ocrx_word' id='word_1_259' title='bbox 514 2458 675 2501; x_wconf 85' lang='lat' dir='ltr'>periculo,</span> <span class='ocrx_word' id='word_1_260' title='bbox 701 2457 760 2490; x_wconf 86' lang='lat' dir='ltr'>rite</span> <span class='ocrx_word' id='word_1_261' title='bbox 783 2459 961 2501; x_wconf 84' lang='lat' dir='ltr'>pascendas</span> 
     </span>
     <span class='ocr_line' id='line_1_57' title="bbox 233 2511 555 2554; baseline -0.006 -9"><span class='ocrx_word' id='word_1_262' title='bbox 233 2512 416 2546; x_wconf 70' lang='lat' dir='ltr'>condecere</span> <span class='ocrx_word' id='word_1_263' title='bbox 441 2511 555 2554; x_wconf 88' lang='lat' dir='ltr'>possit.</span> 
     </span>
     <span class='ocr_line' id='line_1_58' title="bbox 270 2572 797 2607; baseline -0.002 -8"><span class='ocrx_word' id='word_1_264' title='bbox 270 2575 280 2599; x_wconf 80' lang='lat'>¹</span> <span class='ocrx_word' id='word_1_265' title='bbox 299 2572 436 2599; x_wconf 80' lang='lat' dir='ltr'>Coniunct.</span> <span class='ocrx_word' id='word_1_266' title='bbox 454 2576 479 2599; x_wconf 78' lang='lat' dir='ltr'>et</span> <span class='ocrx_word' id='word_1_267' title='bbox 495 2581 543 2599; x_wconf 88' lang='lat' dir='ltr'>nos</span> <span class='ocrx_word' id='word_1_268' title='bbox 557 2572 679 2599; x_wconf 83' lang='lat' dir='ltr'>addimus</span> <span class='ocrx_word' id='word_1_269' title='bbox 698 2572 797 2607; x_wconf 76' lang='lat' dir='ltr'>(n.T.).</span> 
     </span>
    </p>
   </div>
   <div class='ocr_carea' id='block_1_11' title="bbox 954 266 984 2448">
    <p class='ocr_par' dir='ltr' id='par_1_14' title="bbox 954 266 984 2448">
     <span class='ocr_line' id='line_1_59' title="bbox 954 266 984 2448; baseline 0 0"><span class='ocrx_word' id='word_1_270' title='bbox 954 266 984 2448; x_wconf 95' lang='lat' dir='ltr'> </span> 
     </span>
    </p>
   </div>
   <div class='ocr_carea' id='block_1_12' title="bbox 975 186 1936 2601">
    <p class='ocr_par' dir='ltr' id='par_1_15' title="bbox 1932 186 1936 197">
     <span class='ocr_line' id='line_1_60' title="bbox 1932 186 1936 197; baseline 0 0"><span class='ocrx_word' id='word_1_271' title='bbox 1932 186 1936 197; x_wconf 69' lang='grc'><strong><em>»</em></strong></span> 
     </span>
    </p>

    <p class='ocr_par' dir='ltr' id='par_1_16' title="bbox 1019 207 1893 303">
     <span class='ocr_line' id='line_1_61' title="bbox 1604 207 1892 241; baseline 0.003 -5"><span class='ocrx_word' id='word_1_272' title='bbox 1604 207 1671 241; x_wconf 56' lang='lat'>2:37</span> <span class='ocrx_word' id='word_1_273' title='bbox 1708 212 1755 237; x_wconf 72' lang='lat' dir='ltr'>An.</span> <span class='ocrx_word' id='word_1_274' title='bbox 1774 212 1801 237; x_wconf 65' lang='lat' dir='ltr'>C⁴</span> <span class='ocrx_word' id='word_1_275' title='bbox 1828 211 1892 237; x_wconf 66' lang='lat'>1680</span> 
     </span>
     <span class='ocr_line' id='line_1_62' title="bbox 1019 260 1893 303; baseline 0 -10"><span class='ocrx_word' id='word_1_276' title='bbox 1019 273 1120 295; x_wconf 66' lang='lat' dir='ltr'>xxxvr</span> <span class='ocrx_word' id='word_1_277' title='bbox 1147 262 1427 294; x_wconf 82' lang='lat' dir='ltr'>Sacramentorum</span> <span class='ocrx_word' id='word_1_278' title='bbox 1445 260 1551 303; x_wconf 85' lang='lat' dir='ltr'>itaque</span> <span class='ocrx_word' id='word_1_279' title='bbox 1567 261 1702 293; x_wconf 88' lang='lat' dir='ltr'>admini-</span> <span class='ocrx_word' id='word_1_280' title='bbox 1738 276 1789 295; x_wconf 55' lang='lat' dir='ltr'>nme</span> <span class='ocrx_word' id='word_1_281' title='bbox 1803 276 1893 299; x_wconf 52' lang='lat' dir='ltr'>gra-aur</span> 
     </span>
    </p>

    <p class='ocr_par' dir='ltr' id='par_1_17' title="bbox 976 305 1894 355">
     <span class='ocr_line' id='line_1_63' title="bbox 976 305 1894 355; baseline -0.004 -9"><span class='ocrx_word' id='word_1_282' title='bbox 976 315 1163 346; x_wconf 86' lang='lat' dir='ltr'>strationem</span> <span class='ocrx_word' id='word_1_283' title='bbox 1184 324 1410 355; x_wconf 77' lang='lat' dir='ltr'>sacrmumque</span> <span class='ocrx_word' id='word_1_284' title='bbox 1435 305 1894 348; x_wconf 51' lang='lat' dir='ltr'>caerimoniarumiiiii&#39;cftiss&#39;ri?{“223</span> 
     </span>
    </p>

    <p class='ocr_par' dir='ltr' id='par_1_18' title="bbox 977 355 1852 407">
     <span class='ocr_line' id='line_1_64' title="bbox 977 355 1852 407; baseline 0.001 -10"><span class='ocrx_word' id='word_1_285' title='bbox 977 367 1155 399; x_wconf 79' lang='lat' dir='ltr'>functiones</span> <span class='ocrx_word' id='word_1_286' title='bbox 1182 377 1253 399; x_wconf 90' lang='lat' dir='ltr'>cum</span> <span class='ocrx_word' id='word_1_287' title='bbox 1280 366 1407 399; x_wconf 83' lang='lat' dir='ltr'>decenti</span> <span class='ocrx_word' id='word_1_288' title='bbox 1433 365 1585 407; x_wconf 82' lang='lat' dir='ltr'>gravitate</span> <span class='ocrx_word' id='word_1_289' title='bbox 1603 371 1634 397; x_wconf 84' lang='lat' dir='ltr'>ct</span> <span class='ocrx_word' id='word_1_290' title='bbox 1653 355 1852 398; x_wconf 60' lang='lat' dir='ltr'>ve-⁰¹⁶³¹³³⁰⁶²⁵&#39;</span> 
     </span>
    </p>

    <p class='ocr_par' dir='ltr' id='par_1_19' title="bbox 975 418 1703 460">
     <span class='ocr_line' id='line_1_65' title="bbox 975 418 1703 460; baseline 0.001 -11"><span class='ocrx_word' id='word_1_291' title='bbox 975 419 1139 450; x_wconf 88' lang='lat' dir='ltr'>neratione</span> <span class='ocrx_word' id='word_1_292' title='bbox 1159 425 1321 460; x_wconf 79' lang='lat' dir='ltr'>peragant.</span> <span class='ocrx_word' id='word_1_293' title='bbox 1342 418 1448 450; x_wconf 86' lang='lat' dir='ltr'>Ritum</span> <span class='ocrx_word' id='word_1_294' title='bbox 1468 418 1561 450; x_wconf 87' lang='lat' dir='ltr'>etiam</span> <span class='ocrx_word' id='word_1_295' title='bbox 1583 418 1703 460; x_wconf 87' lang='lat' dir='ltr'>ubique</span> 
     </span>
    </p>

    <p class='ocr_par' dir='ltr' id='par_1_20' title="bbox 976 471 1706 513">
     <span class='ocr_line' id='line_1_66' title="bbox 976 471 1706 513; baseline 0.001 -12"><span class='ocrx_word' id='word_1_296' title='bbox 976 471 1046 502; x_wconf 84' lang='lat' dir='ltr'>illos</span> <span class='ocrx_word' id='word_1_297' title='bbox 1072 471 1262 509; x_wconf 85' lang='lat' dir='ltr'>observent,</span> <span class='ocrx_word' id='word_1_298' title='bbox 1288 482 1367 513; x_wconf 84' lang='lat' dir='ltr'>quos</span> <span class='ocrx_word' id='word_1_299' title='bbox 1392 471 1535 503; x_wconf 77' lang='lat' dir='ltr'>Romana</span> <span class='ocrx_word' id='word_1_300' title='bbox 1562 471 1706 502; x_wconf 72' lang='lat' dir='ltr'>Ecclesia</span> 
     </span>
    </p>

    <p class='ocr_par' dir='ltr' id='par_1_21' title="bbox 976 523 1658 565">
     <span class='ocr_line' id='line_1_67' title="bbox 976 523 1658 565; baseline 0.001 -12"><span class='ocrx_word' id='word_1_301' title='bbox 976 528 1007 553; x_wconf 92' lang='lat' dir='ltr'>ct</span> <span class='ocrx_word' id='word_1_302' title='bbox 1030 523 1174 554; x_wconf 88' lang='lat' dir='ltr'>locorum</span> <span class='ocrx_word' id='word_1_303' title='bbox 1200 523 1355 554; x_wconf 86' lang='lat' dir='ltr'>Ordinarii</span> <span class='ocrx_word' id='word_1_304' title='bbox 1381 523 1658 565; x_wconf 79' lang='lat' dir='ltr'>praescripserint.</span> 
     </span>
    </p>

    <p class='ocr_par' dir='ltr' id='par_1_22' title="bbox 978 575 1898 919">
     <span class='ocr_line' id='line_1_68' title="bbox 1019 575 1898 616; baseline 0 -10"><span class='ocrx_word' id='word_1_305' title='bbox 1019 584 1135 606; x_wconf 77' lang='lat' dir='ltr'>xxxvii.</span> <span class='ocrx_word' id='word_1_306' title='bbox 1170 575 1216 606; x_wconf 75' lang='lat' dir='ltr'>Ad</span> <span class='ocrx_word' id='word_1_307' title='bbox 1248 575 1446 616; x_wconf 76' lang='lat' dir='ltr'>frequentem</span> <span class='ocrx_word' id='word_1_308' title='bbox 1481 586 1572 607; x_wconf 89' lang='lat' dir='ltr'>usum</span> <span class='ocrx_word' id='word_1_309' title='bbox 1603 585 1705 607; x_wconf 88' lang='lat' dir='ltr'>sacra·</span> <span class='ocrx_word' id='word_1_310' title='bbox 1760 587 1898 615; x_wconf 50' lang='lat' dir='ltr'>Sat-ramam</span> 
     </span>
     <span class='ocr_line' id='line_1_69' title="bbox 978 614 1898 668; baseline 0.005 -12"><span class='ocrx_word' id='word_1_311' title='bbox 978 632 1158 657; x_wconf 88' lang='lat' dir='ltr'>mentorum</span> <span class='ocrx_word' id='word_1_312' title='bbox 1185 627 1403 668; x_wconf 83' lang='lat' dir='ltr'>poenitentiae</span> <span class='ocrx_word' id='word_1_313' title='bbox 1435 632 1466 659; x_wconf 84' lang='lat' dir='ltr'>et</span> <span class='ocrx_word' id='word_1_314' title='bbox 1491 627 1705 659; x_wconf 80' lang='lat' dir='ltr'>eucharistiae</span> <span class='ocrx_word' id='word_1_315' title='bbox 1716 620 1782 660; x_wconf 57' lang='lat' dir='ltr'>{iffi</span> <span class='ocrx_word' id='word_1_316' title='bbox 1798 614 1898 660; x_wconf 35' lang='lat' dir='ltr'>exilii?-</span> 
     </span>
     <span class='ocr_line' id='line_1_70' title="bbox 978 678 1708 720; baseline 0.005 -13"><span class='ocrx_word' id='word_1_317' title='bbox 978 679 1133 720; x_wconf 85' lang='lat' dir='ltr'>populum</span> <span class='ocrx_word' id='word_1_318' title='bbox 1158 678 1278 710; x_wconf 84' lang='lat' dir='ltr'>fervide</span> <span class='ocrx_word' id='word_1_319' title='bbox 1307 679 1540 718; x_wconf 78' lang='lat' dir='ltr'>adhortentur,</span> <span class='ocrx_word' id='word_1_320' title='bbox 1568 680 1708 711; x_wconf 84' lang='lat' dir='ltr'>necessi-</span> 
     </span>
     <span class='ocr_line' id='line_1_71' title="bbox 981 729 1706 774; baseline 0.003 -12"><span class='ocrx_word' id='word_1_321' title='bbox 981 736 1089 769; x_wconf 90' lang='lat' dir='ltr'>tatem,</span> <span class='ocrx_word' id='word_1_322' title='bbox 1105 731 1165 762; x_wconf 92' lang='lat' dir='ltr'>vim</span> <span class='ocrx_word' id='word_1_323' title='bbox 1183 736 1215 762; x_wconf 91' lang='lat' dir='ltr'>et</span> <span class='ocrx_word' id='word_1_324' title='bbox 1231 729 1361 764; x_wconf 68' lang='lat' dir='ltr'>effectus</span> <span class='ocrx_word' id='word_1_325' title='bbox 1379 742 1490 764; x_wconf 87' lang='lat' dir='ltr'>eorum</span> <span class='ocrx_word' id='word_1_326' title='bbox 1506 733 1706 774; x_wconf 76' lang='lat' dir='ltr'>explicando3</span> 
     </span>
     <span class='ocr_line' id='line_1_72' title="bbox 981 783 1708 825; baseline 0.003 -11"><span class='ocrx_word' id='word_1_327' title='bbox 981 783 1114 814; x_wconf 75' lang='lat' dir='ltr'>maxime</span> <span class='ocrx_word' id='word_1_328' title='bbox 1139 793 1213 815; x_wconf 86' lang='lat' dir='ltr'>vero</span> <span class='ocrx_word' id='word_1_329' title='bbox 1234 783 1402 825; x_wconf 71' lang='lat' dir='ltr'>invigilent</span> <span class='ocrx_word' id='word_1_330' title='bbox 1422 789 1455 815; x_wconf 89' lang='lat' dir='ltr'>ut.</span> <span class='ocrx_word' id='word_1_331' title='bbox 1472 784 1592 825; x_wconf 79' lang='lat' dir='ltr'>aegroti</span> <span class='ocrx_word' id='word_1_332' title='bbox 1612 784 1708 816; x_wconf 86' lang='lat' dir='ltr'>Sacro</span> 
     </span>
     <span class='ocr_line' id='line_1_73' title="bbox 980 834 1711 878; baseline 0.003 -12"><span class='ocrx_word' id='word_1_333' title='bbox 980 834 1099 866; x_wconf 73' lang='lat' dir='ltr'>Viatico</span> <span class='ocrx_word' id='word_1_334' title='bbox 1111 840 1139 866; x_wconf 88' lang='lat' dir='ltr'>et</span> <span class='ocrx_word' id='word_1_335' title='bbox 1158 835 1305 867; x_wconf 61' lang='lat' dir='ltr'>Extrema</span> <span class='ocrx_word' id='word_1_336' title='bbox 1324 835 1479 868; x_wconf 80' lang='lat' dir='ltr'>Unctione</span> <span class='ocrx_word' id='word_1_337' title='bbox 1498 842 1619 867; x_wconf 89' lang='lat' dir='ltr'>mature</span> <span class='ocrx_word' id='word_1_338' title='bbox 1638 847 1711 878; x_wconf 86' lang='lat' dir='ltr'>pro-</span> 
     </span>
     <span class='ocr_line' id='line_1_74' title="bbox 981 886 1468 919; baseline 0.002 -1"><span class='ocrx_word' id='word_1_339' title='bbox 981 886 1038 918; x_wconf 88' lang='lat' dir='ltr'>visi</span> <span class='ocrx_word' id='word_1_340' title='bbox 1066 897 1103 918; x_wconf 83' lang='lat' dir='ltr'>ex</span> <span class='ocrx_word' id='word_1_341' title='bbox 1129 887 1187 918; x_wconf 81' lang='lat' dir='ltr'>hac</span> <span class='ocrx_word' id='word_1_342' title='bbox 1213 888 1275 918; x_wconf 70' lang='lat' dir='ltr'>vita</span> <span class='ocrx_word' id='word_1_343' title='bbox 1299 887 1468 919; x_wconf 73' lang='lat' dir='ltr'>decedant.</span> 
     </span>
    </p>

    <p class='ocr_par' dir='ltr' id='par_1_23' title="bbox 983 939 1903 1663">
     <span class='ocr_line' id='line_1_75' title="bbox 1024 939 1903 981; baseline 0 -11"><span class='ocrx_word' id='word_1_344' title='bbox 1024 939 1200 971; x_wconf 78' lang='lat' dir='ltr'>xxxvn1.ln</span> <span class='ocrx_word' id='word_1_345' title='bbox 1216 939 1433 981; x_wconf 85' lang='lat' dir='ltr'>praedicando</span> <span class='ocrx_word' id='word_1_346' title='bbox 1448 941 1615 981; x_wconf 74' lang='lat' dir='ltr'>evangelio</span> <span class='ocrx_word' id='word_1_347' title='bbox 1627 940 1713 973; x_wconf 89' lang='lat' dir='ltr'>Chri—</span> <span class='ocrx_word' id='word_1_348' title='bbox 1734 952 1849 981; x_wconf 23' lang='lat' dir='ltr'>‘Acnmoda</span> <span class='ocrx_word' id='word_1_349' title='bbox 1871 957 1903 970; x_wconf 66' lang='lat' dir='ltr'>m-</span> 
     </span>
     <span class='ocr_line' id='line_1_76' title="bbox 983 981 1903 1033; baseline 0.005 -11"><span class='ocrx_word' id='word_1_350' title='bbox 983 991 1030 1029; x_wconf 86' lang='lat' dir='ltr'>sti,</span> <span class='ocrx_word' id='word_1_351' title='bbox 1058 991 1159 1024; x_wconf 89' lang='lat' dir='ltr'>solius</span> <span class='ocrx_word' id='word_1_352' title='bbox 1185 991 1238 1024; x_wconf 90' lang='lat' dir='ltr'>Dei</span> <span class='ocrx_word' id='word_1_353' title='bbox 1265 992 1397 1033; x_wconf 79' lang='lat' dir='ltr'>gloriam</span> <span class='ocrx_word' id='word_1_354' title='bbox 1417 997 1448 1024; x_wconf 89' lang='lat' dir='ltr'>et</span> <span class='ocrx_word' id='word_1_355' title='bbox 1468 993 1645 1025; x_wconf 77' lang='lat' dir='ltr'>animarum</span> <span class='ocrx_word' id='word_1_356' title='bbox 1665 1004 1714 1025; x_wconf 90' lang='lat' dir='ltr'>sa·</span> <span class='ocrx_word' id='word_1_357' title='bbox 1724 981 1903 1031; x_wconf 53' lang='lat'>{1335225333&#39;55&#39;</span> 
     </span>
     <span class='ocr_line' id='line_1_77' title="bbox 984 1045 1712 1086; baseline 0.003 -10"><span class='ocrx_word' id='word_1_358' title='bbox 984 1045 1082 1076; x_wconf 88' lang='lat' dir='ltr'>lutem</span> <span class='ocrx_word' id='word_1_359' title='bbox 1107 1050 1299 1086; x_wconf 78' lang='lat' dir='ltr'>spectantes,</span> <span class='ocrx_word' id='word_1_360' title='bbox 1317 1045 1356 1076; x_wconf 84' lang='lat' dir='ltr'>ab</span> <span class='ocrx_word' id='word_1_361' title='bbox 1375 1045 1463 1077; x_wconf 88' lang='lat' dir='ltr'>omni</span> <span class='ocrx_word' id='word_1_362' title='bbox 1481 1045 1712 1078; x_wconf 79' lang='lat' dir='ltr'>invectivarum</span> 
     </span>
     <span class='ocr_line' id='line_1_78' title="bbox 985 1096 1715 1140; baseline 0.004 -13"><span class='ocrx_word' id='word_1_363' title='bbox 985 1106 1103 1138; x_wconf 80' lang='lat' dir='ltr'>genere</span> <span class='ocrx_word' id='word_1_364' title='bbox 1129 1101 1161 1127; x_wconf 84' lang='lat' dir='ltr'>et</span> <span class='ocrx_word' id='word_1_365' title='bbox 1185 1096 1356 1128; x_wconf 77' lang='lat' dir='ltr'>acrimonia</span> <span class='ocrx_word' id='word_1_366' title='bbox 1380 1098 1551 1130; x_wconf 86' lang='lat' dir='ltr'>verborum</span> <span class='ocrx_word' id='word_1_367' title='bbox 1584 1097 1616 1130; x_wconf 89' lang='lat' dir='ltr'>in</span> <span class='ocrx_word' id='word_1_368' title='bbox 1641 1108 1715 1140; x_wconf 87' lang='lat' dir='ltr'>par-</span> 
     </span>
     <span class='ocr_line' id='line_1_79' title="bbox 986 1148 1715 1193; baseline 0.003 -13"><span class='ocrx_word' id='word_1_369' title='bbox 986 1148 1133 1181; x_wconf 87' lang='lat' dir='ltr'>ticulares</span> <span class='ocrx_word' id='word_1_370' title='bbox 1151 1159 1306 1192; x_wconf 84' lang='lat' dir='ltr'>personas</span> <span class='ocrx_word' id='word_1_371' title='bbox 1323 1149 1514 1190; x_wconf 84' lang='lat' dir='ltr'>abstineant,</span> <span class='ocrx_word' id='word_1_372' title='bbox 1533 1161 1638 1193; x_wconf 85' lang='lat' dir='ltr'>neque</span> <span class='ocrx_word' id='word_1_373' title='bbox 1657 1151 1715 1182; x_wconf 91' lang='lat' dir='ltr'>ho-</span> 
     </span>
     <span class='ocr_line' id='line_1_80' title="bbox 985 1201 1716 1244; baseline 0.004 -12"><span class='ocrx_word' id='word_1_374' title='bbox 985 1201 1135 1240; x_wconf 86' lang='lat' dir='ltr'>minibus,</span> <span class='ocrx_word' id='word_1_375' title='bbox 1152 1202 1207 1233; x_wconf 87' lang='lat' dir='ltr'>sed</span> <span class='ocrx_word' id='word_1_376' title='bbox 1222 1201 1287 1233; x_wconf 87' lang='lat' dir='ltr'>Deo</span> <span class='ocrx_word' id='word_1_377' title='bbox 1298 1203 1426 1244; x_wconf 84' lang='lat' dir='ltr'>placere</span> <span class='ocrx_word' id='word_1_378' title='bbox 1443 1203 1612 1235; x_wconf 85' lang='lat' dir='ltr'>studeant:</span> <span class='ocrx_word' id='word_1_379' title='bbox 1631 1203 1716 1235; x_wconf 88' lang='lat' dir='ltr'>unde</span> 
     </span>
     <span class='ocr_line' id='line_1_81' title="bbox 987 1253 1718 1297; baseline 0.003 -12"><span class='ocrx_word' id='word_1_380' title='bbox 987 1259 1017 1285; x_wconf 85' lang='lat' dir='ltr'>ct</span> <span class='ocrx_word' id='word_1_381' title='bbox 1041 1253 1291 1286; x_wconf 80' lang='lat' dir='ltr'>ostentationem</span> <span class='ocrx_word' id='word_1_382' title='bbox 1323 1259 1355 1286; x_wconf 87' lang='lat' dir='ltr'>et</span> <span class='ocrx_word' id='word_1_383' title='bbox 1389 1254 1570 1287; x_wconf 68' lang='lat' dir='ltr'>ariditorum</span> <span class='ocrx_word' id='word_1_384' title='bbox 1610 1255 1718 1297; x_wconf 89' lang='lat' dir='ltr'>captui</span> 
     </span>
     <span class='ocr_line' id='line_1_82' title="bbox 988 1305 1718 1349; baseline 0.003 -13"><span class='ocrx_word' id='word_1_385' title='bbox 988 1305 1091 1336; x_wconf 59' lang='lat' dir='ltr'>n&#39;iinns</span> <span class='ocrx_word' id='word_1_386' title='bbox 1112 1305 1372 1338; x_wconf 83' lang='lat' dir='ltr'>accommodatos</span> <span class='ocrx_word' id='word_1_387' title='bbox 1393 1312 1565 1348; x_wconf 84' lang='lat' dir='ltr'>conceptus</span> <span class='ocrx_word' id='word_1_388' title='bbox 1583 1307 1718 1349; x_wconf 75' lang='lat' dir='ltr'>fugiant,</span> 
     </span>
     <span class='ocr_line' id='line_1_83' title="bbox 987 1358 1718 1402; baseline 0 -13"><span class='ocrx_word' id='word_1_389' title='bbox 987 1368 1024 1389; x_wconf 82' lang='lat' dir='ltr'>ea</span> <span class='ocrx_word' id='word_1_390' title='bbox 1048 1368 1175 1399; x_wconf 85' lang='lat' dir='ltr'>semper</span> <span class='ocrx_word' id='word_1_391' title='bbox 1195 1358 1225 1389; x_wconf 91' lang='lat' dir='ltr'>in</span> <span class='ocrx_word' id='word_1_392' title='bbox 1246 1358 1385 1390; x_wconf 86' lang='lat' dir='ltr'>medium</span> <span class='ocrx_word' id='word_1_393' title='bbox 1404 1359 1616 1400; x_wconf 74' lang='lat' dir='ltr'>proferentes,</span> <span class='ocrx_word' id='word_1_394' title='bbox 1636 1369 1718 1402; x_wconf 86' lang='lat' dir='ltr'>quae</span> 
     </span>
     <span class='ocr_line' id='line_1_84' title="bbox 989 1409 1718 1453; baseline 0.003 -13"><span class='ocrx_word' id='word_1_395' title='bbox 989 1420 1047 1452; x_wconf 91' lang='lat' dir='ltr'>pro</span> <span class='ocrx_word' id='word_1_396' title='bbox 1080 1409 1261 1442; x_wconf 88' lang='lat' dir='ltr'>diversitate</span> <span class='ocrx_word' id='word_1_397' title='bbox 1297 1410 1446 1443; x_wconf 87' lang='lat' dir='ltr'>auditorii</span> <span class='ocrx_word' id='word_1_398' title='bbox 1481 1410 1528 1442; x_wconf 89' lang='lat' dir='ltr'>sui</span> <span class='ocrx_word' id='word_1_399' title='bbox 1565 1412 1718 1453; x_wconf 87' lang='lat' dir='ltr'>populum</span> 
     </span>
     <span class='ocr_line' id='line_1_85' title="bbox 989 1462 1720 1501; baseline 0.001 -7"><span class='ocrx_word' id='word_1_400' title='bbox 989 1462 1020 1494; x_wconf 89' lang='lat' dir='ltr'>in</span> <span class='ocrx_word' id='word_1_401' title='bbox 1038 1463 1169 1495; x_wconf 85' lang='lat' dir='ltr'>veritate</span> <span class='ocrx_word' id='word_1_402' title='bbox 1184 1463 1358 1495; x_wconf 78' lang='lat' dir='ltr'>christiana</span> <span class='ocrx_word' id='word_1_403' title='bbox 1374 1463 1513 1501; x_wconf 86' lang='lat' dir='ltr'>erudire,</span> <span class='ocrx_word' id='word_1_404' title='bbox 1533 1469 1586 1495; x_wconf 87' lang='lat' dir='ltr'>aut</span> <span class='ocrx_word' id='word_1_405' title='bbox 1603 1463 1634 1495; x_wconf 91' lang='lat' dir='ltr'>in</span> <span class='ocrx_word' id='word_1_406' title='bbox 1652 1473 1720 1495; x_wconf 85' lang='lat' dir='ltr'>rno-</span> 
     </span>
     <span class='ocr_line' id='line_1_86' title="bbox 990 1515 1720 1557; baseline 0.001 -11"><span class='ocrx_word' id='word_1_407' title='bbox 990 1515 1076 1546; x_wconf 88' lang='lat' dir='ltr'>ribus</span> <span class='ocrx_word' id='word_1_408' title='bbox 1101 1515 1280 1557; x_wconf 78' lang='lat' dir='ltr'>corrigere,</span> <span class='ocrx_word' id='word_1_409' title='bbox 1307 1517 1355 1547; x_wconf 86' lang='lat' dir='ltr'>vel</span> <span class='ocrx_word' id='word_1_410' title='bbox 1388 1515 1419 1547; x_wconf 91' lang='lat' dir='ltr'>in</span> <span class='ocrx_word' id='word_1_411' title='bbox 1445 1515 1618 1555; x_wconf 85' lang='lat' dir='ltr'>charitate,</span> <span class='ocrx_word' id='word_1_412' title='bbox 1644 1515 1720 1547; x_wconf 88' lang='lat' dir='ltr'>alia-</span> 
     </span>
     <span class='ocr_line' id='line_1_87' title="bbox 991 1567 1721 1610; baseline 0 -12"><span class='ocrx_word' id='word_1_413' title='bbox 991 1578 1125 1610; x_wconf 84' lang='lat' dir='ltr'>rumque</span> <span class='ocrx_word' id='word_1_414' title='bbox 1162 1567 1314 1599; x_wconf 89' lang='lat' dir='ltr'>virtutum</span> <span class='ocrx_word' id='word_1_415' title='bbox 1346 1568 1451 1600; x_wconf 79' lang='lat' dir='ltr'>studio</span> <span class='ocrx_word' id='word_1_416' title='bbox 1483 1568 1581 1609; x_wconf 84' lang='lat' dir='ltr'>magis</span> <span class='ocrx_word' id='word_1_417' title='bbox 1609 1578 1721 1599; x_wconf 87' lang='lat' dir='ltr'>accen-</span> 
     </span>
     <span class='ocr_line' id='line_1_88' title="bbox 993 1619 1704 1663; baseline -0.003 -11"><span class='ocrx_word' id='word_1_418' title='bbox 993 1620 1067 1652; x_wconf 87' lang='lat' dir='ltr'>dere</span> <span class='ocrx_word' id='word_1_419' title='bbox 1092 1625 1166 1663; x_wconf 85' lang='lat' dir='ltr'>apta</span> <span class='ocrx_word' id='word_1_420' title='bbox 1191 1620 1265 1659; x_wconf 89' lang='lat' dir='ltr'>sint,</span> <span class='ocrx_word' id='word_1_421' title='bbox 1291 1620 1329 1652; x_wconf 88' lang='lat' dir='ltr'>de</span> <span class='ocrx_word' id='word_1_422' title='bbox 1355 1620 1469 1662; x_wconf 84' lang='lat' dir='ltr'>quibus</span> <span class='ocrx_word' id='word_1_423' title='bbox 1496 1621 1587 1662; x_wconf 85' lang='lat' dir='ltr'>plura</span> <span class='ocrx_word' id='word_1_424' title='bbox 1611 1619 1704 1651; x_wconf 73' lang='lat' dir='ltr'>infra.</span> 
     </span>
    </p>

    <p class='ocr_par' dir='ltr' id='par_1_24' title="bbox 996 1670 1918 2446">
     <span class='ocr_line' id='line_1_89' title="bbox 1038 1670 1914 1714; baseline 0 -11"><span class='ocrx_word' id='word_1_425' title='bbox 1038 1683 1136 1705; x_wconf 75' lang='lat' dir='ltr'>xxxix.</span> <span class='ocrx_word' id='word_1_426' title='bbox 1164 1672 1196 1703; x_wconf 89' lang='lat' dir='ltr'>ln</span> <span class='ocrx_word' id='word_1_427' title='bbox 1222 1683 1317 1704; x_wconf 86' lang='lat' dir='ltr'>sensu</span> <span class='ocrx_word' id='word_1_428' title='bbox 1344 1671 1566 1714; x_wconf 79' lang='lat' dir='ltr'>semplicitatis</span> <span class='ocrx_word' id='word_1_429' title='bbox 1591 1678 1622 1704; x_wconf 88' lang='lat' dir='ltr'>et</span> <span class='ocrx_word' id='word_1_430' title='bbox 1645 1670 1723 1703; x_wconf 89' lang='lat' dir='ltr'>veri·</span> <span class='ocrx_word' id='word_1_431' title='bbox 1801 1679 1914 1703; x_wconf 61' lang='lat' dir='ltr'>Svrtwnris</span> 
     </span>
     <span class='ocr_line' id='line_1_90' title="bbox 996 1709 1916 1767; baseline 0.001 -12"><span class='ocrx_word' id='word_1_432' title='bbox 996 1725 1066 1755; x_wconf 79' lang='lat' dir='ltr'>tatis</span> <span class='ocrx_word' id='word_1_433' title='bbox 1091 1725 1287 1756; x_wconf 86' lang='lat' dir='ltr'>christianae</span> <span class='ocrx_word' id='word_1_434' title='bbox 1318 1724 1535 1762; x_wconf 81' lang='lat' dir='ltr'>abundantes,</span> <span class='ocrx_word' id='word_1_435' title='bbox 1561 1723 1722 1755; x_wconf 86' lang='lat' dir='ltr'>Ecclesiae</span> <span class='ocrx_word' id='word_1_436' title='bbox 1734 1709 1916 1767; x_wconf 46' lang='lat' dir='ltr'>¹55?,⁰?,&#39;.‘.&#39;,12‘²:¹„f;¹„”,2</span> 
     </span>
     <span class='ocr_line' id='line_1_91' title="bbox 996 1759 1917 1819; baseline -0.005 -12"><span class='ocrx_word' id='word_1_437' title='bbox 996 1777 1184 1808; x_wconf 85' lang='lat' dir='ltr'>traditiones</span> <span class='ocrx_word' id='word_1_438' title='bbox 1209 1782 1236 1809; x_wconf 90' lang='lat' dir='ltr'>et</span> <span class='ocrx_word' id='word_1_439' title='bbox 1264 1782 1445 1808; x_wconf 82' lang='lat' dir='ltr'>sanctorum</span> <span class='ocrx_word' id='word_1_440' title='bbox 1464 1776 1591 1808; x_wconf 86' lang='lat' dir='ltr'>Patrum</span> <span class='ocrx_word' id='word_1_441' title='bbox 1611 1775 1724 1808; x_wconf 84' lang='lat' dir='ltr'>doctri·</span> <span class='ocrx_word' id='word_1_442' title='bbox 1735 1759 1917 1819; x_wconf 52' lang='lat' dir='ltr'>liiffssifffl-&#39;iJ-aii</span> 
     </span>
     <span class='ocr_line' id='line_1_92' title="bbox 996 1810 1918 1872; baseline 0.002 -12"><span class='ocrx_word' id='word_1_443' title='bbox 996 1840 1060 1867; x_wconf 80' lang='lat' dir='ltr'>nas,</span> <span class='ocrx_word' id='word_1_444' title='bbox 1088 1828 1260 1872; x_wconf 80' lang='lat' dir='ltr'>praecipue</span> <span class='ocrx_word' id='word_1_445' title='bbox 1286 1839 1359 1861; x_wconf 80' lang='lat' dir='ltr'>vero</span> <span class='ocrx_word' id='word_1_446' title='bbox 1384 1828 1517 1860; x_wconf 84' lang='lat' dir='ltr'>Sanctae</span> <span class='ocrx_word' id='word_1_447' title='bbox 1543 1828 1724 1870; x_wconf 85' lang='lat' dir='ltr'>Scripturae</span> <span class='ocrx_word' id='word_1_448' title='bbox 1736 1810 1918 1862; x_wconf 40' lang='lat' dir='ltr'>iidg&#39;ssiiibilmw</span> 
     </span>
     <span class='ocr_line' id='line_1_93' title="bbox 998 1881 1727 1919; baseline -0.004 -6"><span class='ocrx_word' id='word_1_449' title='bbox 998 1881 1096 1913; x_wconf 85' lang='lat' dir='ltr'>libros</span> <span class='ocrx_word' id='word_1_450' title='bbox 1122 1892 1243 1913; x_wconf 87' lang='lat' dir='ltr'>summe</span> <span class='ocrx_word' id='word_1_451' title='bbox 1270 1881 1450 1919; x_wconf 80' lang='lat' dir='ltr'>aestiment,</span> <span class='ocrx_word' id='word_1_452' title='bbox 1475 1885 1670 1912; x_wconf 84' lang='lat' dir='ltr'>venerentur</span> <span class='ocrx_word' id='word_1_453' title='bbox 1696 1885 1727 1911; x_wconf 86' lang='lat' dir='ltr'>et</span> 
     </span>
     <span class='ocr_line' id='line_1_94' title="bbox 997 1933 1727 1975; baseline -0.004 -10"><span class='ocrx_word' id='word_1_454' title='bbox 997 1934 1055 1966; x_wconf 82' lang='lat' dir='ltr'>sibi</span> <span class='ocrx_word' id='word_1_455' title='bbox 1081 1933 1252 1966; x_wconf 78' lang='lat' dir='ltr'>familiares</span> <span class='ocrx_word' id='word_1_456' title='bbox 1287 1933 1446 1972; x_wconf 89' lang='lat' dir='ltr'>reddant·,</span> <span class='ocrx_word' id='word_1_457' title='bbox 1485 1942 1564 1975; x_wconf 87' lang='lat' dir='ltr'>quos</span> <span class='ocrx_word' id='word_1_458' title='bbox 1589 1942 1654 1964; x_wconf 90' lang='lat' dir='ltr'>non</span> <span class='ocrx_word' id='word_1_459' title='bbox 1689 1941 1727 1963; x_wconf 73' lang='lat' dir='ltr'>ex</span> 
     </span>
     <span class='ocr_line' id='line_1_95' title="bbox 998 1984 1728 2029; baseline -0.005 -11"><span class='ocrx_word' id='word_1_460' title='bbox 998 1987 1129 2029; x_wconf 78' lang='lat' dir='ltr'>propria</span> <span class='ocrx_word' id='word_1_461' title='bbox 1148 1986 1307 2028; x_wconf 79' lang='lat' dir='ltr'>sapientia</span> <span class='ocrx_word' id='word_1_462' title='bbox 1327 1985 1572 2028; x_wconf 84' lang='lat' dir='ltr'>interpretando</span> <span class='ocrx_word' id='word_1_463' title='bbox 1598 1985 1636 2016; x_wconf 80' lang='lat' dir='ltr'>ad</span> <span class='ocrx_word' id='word_1_464' title='bbox 1655 1984 1728 2015; x_wconf 87' lang='lat' dir='ltr'>sub-</span> 
     </span>
     <span class='ocr_line' id='line_1_96' title="bbox 1001 2036 1729 2081; baseline -0.005 -10"><span class='ocrx_word' id='word_1_465' title='bbox 1001 2040 1071 2072; x_wconf 90' lang='lat' dir='ltr'>tiles</span> <span class='ocrx_word' id='word_1_466' title='bbox 1096 2044 1271 2081; x_wconf 89' lang='lat' dir='ltr'>conceptus</span> <span class='ocrx_word' id='word_1_467' title='bbox 1296 2039 1437 2076; x_wconf 84' lang='lat' dir='ltr'>trahere,</span> <span class='ocrx_word' id='word_1_468' title='bbox 1459 2037 1513 2069; x_wconf 84' lang='lat' dir='ltr'>sed</span> <span class='ocrx_word' id='word_1_469' title='bbox 1539 2036 1729 2078; x_wconf 87' lang='lat' dir='ltr'>simpliciter</span> 
     </span>
     <span class='ocr_line' id='line_1_97' title="bbox 1000 2088 1729 2133; baseline -0.005 -10"><span class='ocrx_word' id='word_1_470' title='bbox 1000 2093 1042 2123; x_wconf 85' lang='lat' dir='ltr'>ita</span> <span class='ocrx_word' id='word_1_471' title='bbox 1068 2101 1249 2133; x_wconf 87' lang='lat' dir='ltr'>proponere</span> <span class='ocrx_word' id='word_1_472' title='bbox 1275 2090 1433 2128; x_wconf 85' lang='lat' dir='ltr'>studeant,</span> <span class='ocrx_word' id='word_1_473' title='bbox 1460 2094 1557 2131; x_wconf 90' lang='lat' dir='ltr'>prout</span> <span class='ocrx_word' id='word_1_474' title='bbox 1581 2094 1628 2120; x_wconf 88' lang='lat' dir='ltr'>est</span> <span class='ocrx_word' id='word_1_475' title='bbox 1652 2088 1729 2120; x_wconf 87' lang='lat' dir='ltr'>utile</span> 
     </span>
     <span class='ocr_line' id='line_1_98' title="bbox 1000 2142 1731 2183; baseline -0.005 -7"><span class='ocrx_word' id='word_1_476' title='bbox 1000 2145 1037 2176; x_wconf 87' lang='lat' dir='ltr'>ad</span> <span class='ocrx_word' id='word_1_477' title='bbox 1067 2144 1262 2182; x_wconf 88' lang='lat' dir='ltr'>docendum,</span> <span class='ocrx_word' id='word_1_478' title='bbox 1288 2143 1327 2174; x_wconf 87' lang='lat' dir='ltr'>ad</span> <span class='ocrx_word' id='word_1_479' title='bbox 1352 2142 1571 2183; x_wconf 71' lang='lat' dir='ltr'>arguendum,</span> <span class='ocrx_word' id='word_1_480' title='bbox 1597 2142 1635 2173; x_wconf 91' lang='lat' dir='ltr'>ad</span> <span class='ocrx_word' id='word_1_481' title='bbox 1660 2151 1731 2173; x_wconf 88' lang='lat' dir='ltr'>cor-</span> 
     </span>
     <span class='ocr_line' id='line_1_99' title="bbox 1001 2193 1730 2239; baseline -0.005 -10"><span class='ocrx_word' id='word_1_482' title='bbox 1001 2197 1183 2239; x_wconf 79' lang='lat' dir='ltr'>ripiendum</span> <span class='ocrx_word' id='word_1_483' title='bbox 1201 2201 1231 2228; x_wconf 88' lang='lat' dir='ltr'>et</span> <span class='ocrx_word' id='word_1_484' title='bbox 1249 2196 1286 2227; x_wconf 87' lang='lat' dir='ltr'>ad</span> <span class='ocrx_word' id='word_1_485' title='bbox 1312 2194 1524 2227; x_wconf 77' lang='lat' dir='ltr'>erudiendum</span> <span class='ocrx_word' id='word_1_486' title='bbox 1549 2193 1581 2225; x_wconf 92' lang='lat' dir='ltr'>in</span> <span class='ocrx_word' id='word_1_487' title='bbox 1599 2194 1730 2232; x_wconf 79' lang='lat' dir='ltr'>iustitia,</span> 
     </span>
     <span class='ocr_line' id='line_1_100' title="bbox 1001 2246 1733 2292; baseline -0.007 -10"><span class='ocrx_word' id='word_1_488' title='bbox 1001 2256 1032 2282; x_wconf 90' lang='lat' dir='ltr'>et</span> <span class='ocrx_word' id='word_1_489' title='bbox 1057 2254 1153 2292; x_wconf 88' lang='lat' dir='ltr'>prout</span> <span class='ocrx_word' id='word_1_490' title='bbox 1178 2248 1291 2281; x_wconf 83' lang='lat' dir='ltr'>Sancta</span> <span class='ocrx_word' id='word_1_491' title='bbox 1315 2247 1473 2286; x_wconf 86' lang='lat' dir='ltr'>Ecclesia,</span> <span class='ocrx_word' id='word_1_492' title='bbox 1499 2246 1599 2278; x_wconf 86' lang='lat' dir='ltr'>sancti</span> <span class='ocrx_word' id='word_1_493' title='bbox 1624 2247 1733 2278; x_wconf 79' lang='lat' dir='ltr'>Patres</span> 
     </span>
     <span class='ocr_line' id='line_1_101' title="bbox 1002 2299 1733 2342; baseline -0.007 -8"><span class='ocrx_word' id='word_1_494' title='bbox 1002 2308 1033 2334; x_wconf 85' lang='lat' dir='ltr'>et</span> <span class='ocrx_word' id='word_1_495' title='bbox 1058 2302 1286 2342; x_wconf 87' lang='lat' dir='ltr'>theologorum</span> <span class='ocrx_word' id='word_1_496' title='bbox 1317 2299 1568 2331; x_wconf 85' lang='lat' dir='ltr'>orthodoxorum</span> <span class='ocrx_word' id='word_1_497' title='bbox 1599 2308 1733 2331; x_wconf 85' lang='lat' dir='ltr'>consen-</span> 
     </span>
     <span class='ocr_line' id='line_1_102' title="bbox 1002 2350 1733 2390; baseline -0.005 -4"><span class='ocrx_word' id='word_1_498' title='bbox 1002 2366 1053 2387; x_wconf 84' lang='lat' dir='ltr'>sus</span> <span class='ocrx_word' id='word_1_499' title='bbox 1078 2360 1187 2386; x_wconf 84' lang='lat' dir='ltr'>sancte</span> <span class='ocrx_word' id='word_1_500' title='bbox 1214 2354 1368 2384; x_wconf 81' lang='lat' dir='ltr'>hactenus</span> <span class='ocrx_word' id='word_1_501' title='bbox 1390 2351 1560 2390; x_wconf 76' lang='lat' dir='ltr'>intellexit,</span> <span class='ocrx_word' id='word_1_502' title='bbox 1580 2356 1612 2383; x_wconf 91' lang='lat' dir='ltr'>et</span> <span class='ocrx_word' id='word_1_503' title='bbox 1635 2350 1733 2383; x_wconf 86' lang='lat' dir='ltr'>etiam</span> 
     </span>
     <span class='ocr_line' id='line_1_103' title="bbox 1004 2405 1270 2446; baseline -0.011 -7"><span class='ocrx_word' id='word_1_504' title='bbox 1004 2418 1078 2439; x_wconf 87' lang='lat' dir='ltr'>num</span> <span class='ocrx_word' id='word_1_505' title='bbox 1104 2405 1270 2446; x_wconf 81' lang='lat' dir='ltr'>intelligit.</span> 
     </span>
    </p>

    <p class='ocr_par' dir='ltr' id='par_1_25' title="bbox 1004 2455 1926 2601">
     <span class='ocr_line' id='line_1_104' title="bbox 1046 2455 1926 2505; baseline -0.007 -14"><span class='ocrx_word' id='word_1_506' title='bbox 1046 2469 1095 2492; x_wconf 70' lang='lat' dir='ltr'>xc.</span> <span class='ocrx_word' id='word_1_507' title='bbox 1123 2457 1272 2490; x_wconf 80' lang='lat' dir='ltr'>Doctrina</span> <span class='ocrx_word' id='word_1_508' title='bbox 1296 2455 1503 2493; x_wconf 78' lang='lat' dir='ltr'>catechetica,</span> <span class='ocrx_word' id='word_1_509' title='bbox 1522 2455 1559 2487; x_wconf 89' lang='lat' dir='ltr'>ad</span> <span class='ocrx_word' id='word_1_510' title='bbox 1586 2455 1733 2487; x_wconf 88' lang='lat' dir='ltr'>rudiores</span> <span class='ocrx_word' id='word_1_511' title='bbox 1746 2458 1926 2505; x_wconf 47' lang='lat' dir='ltr'>mimSgflssfflifflgj</span> 
     </span>
     <span class='ocr_line' id='line_1_105' title="bbox 1004 2507 1906 2553; baseline -0.006 -10"><span class='ocrx_word' id='word_1_512' title='bbox 1004 2516 1036 2544; x_wconf 90' lang='lat' dir='ltr'>et</span> <span class='ocrx_word' id='word_1_513' title='bbox 1061 2511 1210 2553; x_wconf 86' lang='lat' dir='ltr'>parvulos</span> <span class='ocrx_word' id='word_1_514' title='bbox 1230 2509 1261 2540; x_wconf 90' lang='lat' dir='ltr'>in</span> <span class='ocrx_word' id='word_1_515' title='bbox 1284 2508 1426 2540; x_wconf 82' lang='lat' dir='ltr'>articulis</span> <span class='ocrx_word' id='word_1_516' title='bbox 1443 2507 1515 2540; x_wconf 80' lang='lat' dir='ltr'>fidei</span> <span class='ocrx_word' id='word_1_517' title='bbox 1535 2507 1734 2539; x_wconf 84' lang='lat' dir='ltr'>orthodoxae</span> <span class='ocrx_word' id='word_1_518' title='bbox 1746 2517 1810 2532; x_wconf 75' lang='lat' dir='ltr'>smum</span> <span class='ocrx_word' id='word_1_519' title='bbox 1823 2511 1906 2532; x_wconf 59' lang='lat' dir='ltr'>samut-</span> 
     </span>
     <span class='ocr_line' id='line_1_106' title="bbox 1005 2558 1736 2601; baseline -0.007 -5"><span class='ocrx_word' id='word_1_520' title='bbox 1005 2569 1036 2596; x_wconf 88' lang='lat' dir='ltr'>et</span> <span class='ocrx_word' id='word_1_521' title='bbox 1061 2562 1200 2595; x_wconf 86' lang='lat' dir='ltr'>moribus</span> <span class='ocrx_word' id='word_1_522' title='bbox 1217 2561 1391 2594; x_wconf 86' lang='lat' dir='ltr'>christiano</span> <span class='ocrx_word' id='word_1_523' title='bbox 1413 2560 1543 2593; x_wconf 85' lang='lat' dir='ltr'>homine</span> <span class='ocrx_word' id='word_1_524' title='bbox 1559 2559 1662 2601; x_wconf 81' lang='lat' dir='ltr'>dignis</span> <span class='ocrx_word' id='word_1_525' title='bbox 1677 2558 1736 2591; x_wconf 83' lang='lat' dir='ltr'>rite</span> 
     </span>
    </p>
   </div>
  </div>
 </body>
</html>
