2111 3157
154 192 203 218 Λη.
222 189 250 219 c.
273 191 339 218 1678
381 178 448 216 ΠΟ

190 984 294 1003 '’taedii-ti
309 982 343 1002 ‹ie-

162 1014 213 1028 cinti
236 1016 343 1028 «mutunia-

161 1038 199 1057 ίιυ,

191 2448 313 2470 clausurae.

346 240 376 271 in
395 250 495 281 regno
512 236 732 281 Neapolitano,
750 241 906 280 quatenus
925 239 986 267 una
1005 245 1075 266 cum

347 291 411 322 suis
421 292 518 323 sociis
529 292 664 333 aliisque
677 290 826 321 fratribus
836 288 962 320 Ordinis
973 288 1011 319 de
1021 286 1077 319 Ob-

346 344 548 375 servantiain
569 342 733 384 praedicto
760 346 918 373 conventu
944 339 996 371 SS.
1017 338 1078 370 Tri-

348 395 456 427 nitatis
466 395 593 427 Ordinis
606 394 861 425 ltet'orinatorum
876 391 1078 433 degentibus,

346 454 392 485 ut,
412 448 564 479 continuo
583 448 620 479 de
646 447 762 478 eodem
789 451 949 477 conventu
977 444 1079 476 disce-

349 501 425 531 dant
439 505 469 530 et
482 500 519 530 ad
535 499 751 541 supradictum
767 503 957 529 conventum
973 496 1003 528 S.
1025 496 1082 527 Mu-

350 551 414 583 riae
440 551 542 583 Novae
567 551 693 583 Ordinis
718 551 875 582 Minorum
903 549 1083 581 Observan-

351 604 411 635 tiae
446 604 588 636 eiusdem
624 604 760 635 civitatis
797 613 828 635 se
866 602 1080 639 transferant,

350 657 461 698 ibique
494 655 526 688 in
567 662 732 698 posterum
764 659 1015 687 commorentur.
1050 653 1082 684 ln

351 719 506 750 quorum,
533 714 592 741 etc.
620 709 730 747 Datum
758 708 888 746 Romae,
909 707 940 738 in
966 706 1084 749 palatio

352 761 570 793 tlancellariae
589 761 806 804 Apostolicae,
822 760 882 791 liae
907 760 957 791 die
977 770 995 792 x
1011 758 1084 790 maii

351 823 545 846 MDCLxxvul.

397 866 430 898 F.
458 868 546 898 rard.
570 867 780 904 Bsnnemurs,
806 870 981 909 protector.

398 919 419 950 l.
449 920 482 951 B.
504 919 695 961 archiepisc.
716 918 895 956 lanuensis,
916 922 1030 949 secret.
1054 927 1084 947 ».

399 974 413 1012 ,Q
439 972 468 1003 2.
494 972 569 1004 Cum
595 977 712 1008 autem,
737 971 817 1003 sicut
842 970 990 1002 minister
1015 979 1089 1011 pro-

355 1024 498 1056 vincialis
519 1025 701 1066 praedictus
721 1023 814 1055 nobis
832 1023 968 1054 subinde
984 1022 1088 1053 denuo

356 1076 473 1119 exponi
500 1077 580 1115 fecit,
603 1077 673 1119 ipse
699 1076 865 1108 decretum
891 1074 1088 1113 huiusmodi,

357 1141 422 1172 quo
438 1130 558 1161 firmius
577 1129 728 1161 subsistat
744 1127 1088 1164 etserveturexactius,

356 1182 555 1224 apostolicae
574 1179 823 1214 confirmationis
840 1184 969 1211 nostrae
988 1184 1091 1220 patr07

356 1236 440 1267 cinio
466 1234 657 1267 communiri
684 1243 886 1275 summopere
912 1232 1090 1264 desideret:

356 1299 428 1325 nos,
449 1288 551 1330 ipsum
566 1287 748 1318 ministrum
768 1285 1000 1328 provincialem
1020 1294 1092 1326 spe-

357 1340 492 1371 cialibus
512 1339 672 1371 favoribus
690 1344 722 1370 et
740 1337 850 1380 gratiis
868 1336 1020 1379 prosequi
1039 1347 1092 1368 vo-

357 1394 473 1428 lentes,
488 1398 519 1424 et
533 1403 547 1423 a
559 1391 725 1433 quibusvis
743 1389 1091 1425 excommunicationis,

357 1445 582 1487 suspensionis
600 1450 629 1476 et
647 1443 820 1483 interdicti,
839 1443 975 1484 aliisque
993 1443 1094 1474 eccle-

359 1497 495 1529 siasticis
522 1497 702 1535 sententiis,
719 1495 863 1528 censuris
881 1500 912 1527 et
936 1494 1061 1537 poenis,
1079 1506 1095 1525 a

358 1551 427 1581 iure
446 1550 496 1581 vel
518 1550 556 1581 ab
576 1549 715 1585 bomine,
736 1548 844 1590 quavis
860 1547 1027 1580 occasione
1046 1548 1094 1578 vel

359 1604 455 1634 causa
482 1602 561 1640 latis,
581 1602 604 1633 si
631 1601 747 1643 quibus
774 1600 1019 1643 quomodolibet
1050 1599 1096 1630 in-

358 1655 495 1687 nodatus
514 1654 630 1691 existit,
653 1653 691 1685 ad
706 1652 854 1684 ess'ectum
873 1652 1094 1694 praesentium

359 1708 523 1738 dumtaxat
552 1705 837 1747 consequendum,
865 1705 979 1736 harum
1011 1703 1094 1735 serie

359 1759 566 1791 absolventes
598 1763 628 1790 et
661 1758 842 1789 absolutum
870 1757 936 1788 sore
961 1766 1096 1788 censen-

359 1818 418 1851 tes,
441 1811 625 1844 huiusmodi
645 1809 938 1853 supplicationibus
956 1809 1024 1840 eius
1041 1819 1096 1840 no-

359 1865 445 1897 mine
472 1864 565 1896 nobis
590 1873 689 1905 super
715 1863 776 1894 boc
796 1861 963 1893 humiliter
984 1871 1096 1903 porre-

359 1916 416 1947 ctis
442 1915 599 1955 inclinati,
621 1915 785 1947 decretum
812 1913 1058 1956 praeinsertuin,
1080 1923 1096 1944 a

358 1974 538 2001 memorato
568 1967 738 1999 Francisco
761 1966 914 2009 episcopo
941 1965 1095 1998 cardinali

359 2026 391 2052 et
428 2025 614 2063 protectore
648 2019 790 2057 editum,
823 2023 856 2049 ut
891 2018 1093 2060 praefertur,

360 2074 534 2115 omniaque
575 2077 607 2105 et
642 2072 768 2113 singula
805 2071 836 2102 in
872 2081 909 2103 eo
935 2075 1095 2109 contenta,

360 2126 547 2158 auctoritate
580 2125 772 2168 apostolica,
800 2129 910 2156 tenore
943 2133 1097 2165 praesen-

360 2180 450 2217 tium,
472 2179 699 2211 confirmamus
715 2182 746 2210 et
770 2176 996 2219 approbamus
1019 2176 1097 2208 illis-

361 2242 423 2273 que
460 2230 655 2262 inviolabilis
699 2229 899 2272 apostolicae
936 2227 1097 2260 firmitatis

360 2285 460 2316 robur
484 2284 660 2322 adjicimus,
688 2288 719 2315 et
745 2292 856 2314 omnes
888 2285 920 2313 et
949 2281 1095 2322 singulos

360 2336 437 2367 iuris
470 2341 501 2367 ct
531 2336 601 2367 sacti
635 2335 800 2374 desectus,
826 2334 852 2365 si
879 2333 933 2376 qui
960 2333 1097 2375 desuper

362 2387 606 2432 quomodolibet
627 2387 869 2426 intervenerint,
896 2388 1093 2429 supplemus.

404 2442 418 2483 g*
443 2441 474 2473 3.
502 2441 719 2473 Decernentus
748 2440 876 2472 easdem
909 2445 1097 2482 praesentes

361 2494 483 2528 litteras
510 2503 638 2536 semper
655 2493 775 2532 iii—nias,
794 2492 914 2524 validas
939 2497 970 2524 et
994 2491 1097 2523 effica-

398 2558 410 2582 1
434 2554 565 2582 l’articula
584 2556 614 2580 ut
635 2553 789 2581 redundare
808 2553 912 2580 videtur
930 2554 970 2588 (u.
985 2554 1034 2587 Τ.).

926 183 1104 211 ῇιίιιιιιιιι
1130 183 1280 210 nominavi
1862 181 1908 210 An.
1926 180 1954 210 C.
1975 177 2040 211 1678

1119 244 1171 266 ces
1196 235 1334 265 existere
1360 238 1391 265 et
1417 232 1495 271 sore,
1523 243 1663 275 suosque
1688 231 1852 276 plenarios

1120 292 1152 319 et
1176 287 1319 327 integros
1345 285 1476 318 effectus
1498 286 1607 318 sortiri
1637 291 1669 317 et
1695 285 1852 324 obtinere,

1121 350 1156 371 ac
1170 340 1207 370 ab
1226 339 1302 377 illis,
1318 339 1355 370 ad
1371 349 1450 380 qnos
1459 343 1581 380 spectat
1595 343 1626 370 et
1638 348 1697 380 pro
1712 343 1855 379 tempore

1121 391 1291 434 spectabit,
1320 390 1548 422 inviolabiliter
1572 389 1760 428 observari,
1799 388 1857 420 sic-

1124 455 1185 486 que.
1204 444 1234 475 in
1253 443 1437 485 praemissis
1458 453 1517 485 per
1533 452 1749 485 quoscumque
1775 440 1858 473 iudi-

1124 506 1175 528 ces
1195 495 1377 527 ordinarios
1396 500 1424 527 et
1445 495 1621 536 delegatos,
1640 495 1735 526 etiam
1750 503 1861 525 causa-

1125 559 1195 580 rum
1219 547 1325 590 palatii
1346 547 1516 589 apostolici
1537 547 1709 586 auditores,
1727 545 1859 578 iudicari

1126 606 1158 633 et
1182 600 1306 631 deliniri
1329 600 1468 639 debere,
1494 610 1530 631 ac
1555 599 1681 631 irritum
1711 604 1742 631 et
1765 598 1860 630 inane

1126 653 1150 685 si
1169 663 1259 684 secus
1276 663 1375 694 super
1393 652 1442 684 bis
1460 662 1477 684 a
1494 662 1666 694 quoquam,
1682 650 1793 694 quavis
1809 660 1863 682 au·

1127 705 1285 743 ctoritate,
1313 705 1452 737 scienter
1475 705 1524 736 vel
1546 704 1742 746 ignoranter,
1768 703 1864 736 conti-

1128 758 1209 800 gerit.
1226 757 1387 789 attentari.

1173 811 1187 852 ς
1211 810 1242 841 4.
1270 809 1338 842 Non
1366 809 1572 842 obstantibus
1601 807 1802 851 praemissis,
1829 818 1866 840 ac
1945 815 2055 845 utronno

1129 862 1416 895 constitutionibus
1447 868 1479 894 et
1503 860 1763 894 ordinationibus
1791 845 2033 903 apo-mmmmm

1130 916 1263 953 stolicis,
1283 926 1422 955 necnon,
1439 921 1597 958 quatenus
1619 925 1698 957 opus
1716 915 1768 953 sit,
1790 914 1867 946 dieti

1130 969 1269 1008 Ordinis
1297 968 1432 1010 aliisque
1459 967 1633 1010 quibusvis
1660 966 1755 999 etiam
1788 966 1868 998 iura-

1131 1026 1266 1059 mento,
1296 1019 1545 1053 confirmatione
1581 1018 1780 1061 apostolica,
1811 1029 1868 1051 seu

1133 1074 1242 1116 quavis
1272 1073 1421 1105 firmitate
1448 1072 1509 1105 alia
1538 1071 1710 1111 roboratis,
1741 1071 1867 1103 statutis

1133 1131 1164 1157 et
1195 1124 1497 1163 consuetudinilnis,
1522 1123 1699 1166 privilegiis
1724 1133 1867 1165 quoque,

1134 1177 1267 1209 indultis
1286 1182 1317 1208 et
1341 1177 1455 1209 litteris
1482 1174 1670 1218 apostolicis
1688 1175 1719 1206 in
1743 1179 1870 1207 contra-

1133 1230 1215 1261 rium
1240 1229 1494 1272 praemissorum
1524 1227 1773 1270 quomodolibet
1797 1236 1872 1259 con-

1134 1283 1246 1318 cessis,
1271 1282 1465 1313 confirmatis
1491 1287 1523 1313 et
1547 1280 1721 1319 innovatis;
1753 1279 1869 1322 quibus

1136 1334 1283 1366 omnibus
1297 1340 1329 1365 et
1349 1334 1500 1375 singulis,
1519 1333 1650 1365 illorum
1669 1338 1797 1364 tenores
1811 1342 1870 1374 pro

1137 1388 1230 1429 plene
1255 1392 1285 1418 et
1305 1386 1501 1417 sufficienter
1517 1385 1678 1427 expressis
1696 1389 1728 1415 et
1747 1384 1785 1415 ad
1803 1393 1872 1415 ver-

1137 1440 1211 1470 bum
1237 1439 1364 1470 insertis
1390 1438 1564 1475 babentes,
1581 1437 1644 1469 iltis
1664 1437 1743 1469 alias
1765 1437 1796 1468 in
1814 1446 1872 1468 suo

1139 1486 1253 1524 robore
1279 1490 1511 1534 permansuris,
1548 1491 1586 1522 ad
1620 1489 1873 1532 praemissorum

1139 1546 1295 1583 ellectum,
1312 1545 1372 1575 bac
1399 1543 1467 1575 vice
1489 1543 1660 1581 dumtaxat,
1689 1541 1874 1584 specialiter

1139 1602 1170 1628 et
1191 1606 1340 1638 expresse
1367 1596 1580 1636 derogamus3
1600 1594 1783 1636 ceterisque
1799 1603 1874 1625 con-

1140 1649 1245 1680 trariis
1264 1649 1533 1691 quibuscumque.

1183 1702 1293 1733 Datum
1308 1701 1440 1739 Romae,
1454 1701 1538 1742 apud
1552 1699 1583 1731 S.
1597 1700 1735 1739 Petrum,
1749 1699 1808 1731 sub
1822 1709 1874 1731 an-

1140 1756 1216 1786 nulo
1235 1754 1417 1792 piscatoris,
1435 1754 1485 1785 die
1504 1762 1561 1785 xxv
1581 1752 1654 1784 maii
1676 1761 1871 1791 nnctxxvni,

1140 1806 1344 1849 pontificatus
1370 1806 1472 1837 nostri
1494 1815 1577 1837 anno
1603 1815 1637 1837 11.

1176 1867 1232 1893 bat.
1252 1867 1294 1893 die
1309 1866 1343 1892 ⁹25
1359 1865 1420 1891 maii
1441 1866 1518 1898 1678,
1536 1865 1631 1900 pontif.
1653 1873 1724 1892 anno
1740 1871 1766 1892 Η.

1476 1989 1538 2022 XL.

1141 2060 1365 2095 committitur
1402 2060 1546 2103 episcopo
1575 2058 1774 2092 Malacitano
1801 2068 1870 2092 ere—

1183 2114 1243 2145 clz'o
1260 2112 1402 2144 coenobii
1425 2112 1564 2154 fratrum
1585 2111 1749 2143 Minorum
1770 2111 1874 2143 sancti

1181 2165 1351 2198 Franci-sci
1374 2163 1649 2196 Discalceatorum
1678 2164 1713 2196 in
1745 2164 1873 2195 civitate

1181 2218 1327 2251 Malacae
1347 2217 1521 2249 secundum
1542 2217 1780 2250 constitutiones
1799 2226 1874 2259 apo-

1180 2271 1308 2302 stolscas
1332 2269 1491 2312 facienda.

1322 2340 1515 2367 Innocentius
1537 2340 1614 2373 Papa
1633 2340 1681 2366 XI.

1353 2384 1538 2410 Venerabilis
1555 2384 1661 2416 frater,

1173 2429 1302 2455 salutem
1323 2430 1354 2454 et
1373 2427 1567 2461 apostolicam
1586 2425 1834 2454 benedictionem.

1183 2490 1197 2531 ᾗ
1215 2490 1245 2521 i.
1266 2489 1387 2532 Exponi
1403 2488 1495 2521 nobis
1519 2498 1623 2530 nuper
1641 2487 1716 2520 fecit
1732 2487 2058 2544 dil-³⁰1usg,„fi?}¹,2²,2„⁰„',':

1140 2541 1223 2575 tilius
1248 2542 1469 2575 Ferdinandus
1496 2541 1534 2574 de
1556 2539 1733 2582 Villadiego
1758 2545 1789 2573 et
1813 2539 1854 2573 Pe
1880 2543 1952 2566 nona.
