2111 3157
177 192 229 220 An.
247 190 275 220 c.
301 194 368 221 1078
414 183 455 219 86

210 2518 275 2540 Canza
296 2517 357 2538 liuius

175 2545 343 2568 constitutionis.
385 2565 389 2569 ,

936 193 1119 217 ΒῊῘᾸΑΠΙΓΜ

370 245 518 287 periores
546 243 691 286 legitime
721 247 757 275 ut
807 241 994 285 praefertur
1020 240 1111 273 electi

369 296 549 340 respective
585 306 717 328 munere
750 305 809 327 suo
836 292 986 336 specifice
1012 289 1111 324 suncti

368 350 498 388 suerint,
519 348 730 381 nihilominus
756 346 913 384 nonnulli,
928 346 1013 377 malo
1038 344 1105 386 spi-

367 405 431 436 ritu
457 403 598 441 adducti,
618 412 656 434 eo
676 400 762 443 quod
783 397 931 430 Fortassis
958 398 989 429 in
1016 407 1112 440 prae-

367 456 439 489 fatis
464 455 629 498 scapitulis
653 464 718 486 non
744 451 945 485 obtinuerint
967 461 1005 483 ea
1032 459 1112 492 quae

367 509 426 541 sibi
458 514 550 540 antea
583 504 812 548 consequenda
846 507 1110 546 proposuerant,

367 567 398 594 et
423 561 485 593 alia
518 559 608 592 cordi
634 558 798 590 habebant
824 555 1011 594 obtinenda,
1038 564 1111 585 con·

368 621 415 646 tra
439 614 502 646 iam
528 614 675 650 electum,
702 610 927 643 confirmatum
948 612 979 640 et
1005 612 1110 639 actua—

366 667 440 700 liter
461 670 665 699 exercentem
689 663 829 696 officium
851 659 1107 704 provincialatus

366 720 532 763 potissime
567 718 762 758 insurgant,
789 725 824 746 ac
861 713 956 746 etiam
993 716 1105 744 contra

367 772 566 810 definitores,
580 769 771 806 visitatores,
793 765 1001 808 reliquosque
1019 763 1104 806 prio-

366 836 417 857 res
442 824 560 857 locales
577 828 608 855 et
633 819 857 858 doctrinarios,
873 818 995 851 eisdem
1015 817 1103 849 debi-

366 883 430 909 tam
459 877 658 917 denegantes
684 870 916 908 obedientiam,
942 870 1101 901 honorem

367 935 398 963 et
424 929 674 972 praelationem,
702 934 865 965 vanasque
897 932 1008 953 causas
1035 925 1102 952 tan-

366 989 414 1015 tae
433 980 653 1014 contumaciae
667 978 872 1010 adducentes.
894 974 1043 1012 Quinimo
1062 973 1099 1005 ad

365 1035 460 1067 aliam
485 1033 678 1066 electionem
705 1028 873 1072 potissime
892 1026 1010 1070 prioris
1030 1036 1100 1068 pro-

364 1087 511 1120 vincialis
546 1085 742 1117 tumultuose
769 1086 800 1113 et
825 1079 1028 1112 clandestine
1060 1078 1101 1110 ir-

364 1145 526 1182 rumpunt,
546 1143 578 1170 et
595 1136 633 1169 ad
651 1133 830 1167 saecularia
854 1142 983 1164 causam
1004 1141 1099 1173 saepe

365 1205 422 1237 per
448 1192 529 1225 viam
554 1191 608 1233 (ut
631 1188 762 1229 vocant)
789 1185 1019 1218 auxiliatricem
1045 1184 1099 1215 de-

365 1247 482 1286 serunt,
501 1243 734 1277 contendentes
751 1249 848 1281 super
866 1237 1028 1270 validitate
1046 1240 1099 1268 aut

365 1299 512 1332 nullitate
539 1293 706 1329 electionis
732 1291 865 1335 praefati
890 1289 1007 1333 prioris
1025 1299 1099 1332 pro-

364 1350 517 1390 vincialis,
530 1354 771 1388 ceterarumque
787 1344 997 1381 electionum3
1013 1342 1098 1373 unde

365 1403 529 1447 provincia
550 1402 606 1434 illa
630 1397 811 1431 miserrime
837 1396 1002 1434 turbatur,
1026 1400 1099 1426 tunc

366 1456 451 1489 enim
479 1455 509 1486 in
542 1453 676 1486 dubium
707 1454 861 1482 vocantur
894 1447 1098 1490 receptiones

365 1509 561 1542 novitiorum
588 1506 626 1537 ad
653 1503 836 1545 regularem
862 1501 1022 1540 habitum,
1050 1510 1099 1531 so-

364 1563 490 1594 lemnes
516 1557 705 1591 eorumdem
732 1554 970 1598 professiones,
1002 1553 1099 1584 sacul-

366 1620 446 1647 tates
471 1613 509 1645 ad
535 1609 742 1653 excipiendas
764 1605 1100 1645 consessiones,insti-

367 1668 506 1700 tutiones
527 1662 794 1697 doctrinariorum
813 1670 868 1692 seu
882 1659 1098 1701 parochorum

365 1731 425 1763 pro
440 1715 718 1751 administratione
735 1717 1018 1751 sacramentorum,
1033 1721 1099 1743 sen-

366 1772 485 1805 tentiae
518 1770 691 1802 translatae
728 1766 759 1797 in
796 1764 1020 1797 auctoritatem
1054 1763 1098 1795 rei

364 1826 522 1859 iudicatae
549 1828 614 1855 tum
639 1818 837 1853 absolutorie
858 1823 923 1849 tum
947 1817 1100 1849 condem—

365 1878 489 1911 natorie
508 1888 524 1909 a
545 1875 690 1919 praefato
707 1873 815 1916 priore
836 1870 1023 1914 provinciali
1050 1871 1098 1902 vel

366 1929 549 1964 definitorio
565 1933 616 1961 aut
636 1939 653 1960 a
669 1925 831 1970 prioribus
857 1923 1011 1956 localibus
1030 1932 1100 1965 pro-

365 1985 462 2023 latae,
494 1981 661 2024 ceterique
686 1984 775 2011 actus
802 1976 968 2009 iudiciales
993 1981 1024 2008 et
1049 1986 1099 2007 ex-

368 2035 592 2074 traiudiciales,
612 2033 783 2065 utilitatem
798 2030 961 2073 publicam
972 2029 1020 2060 vel
1036 2028 1100 2071 pri-

367 2096 468 2122 vatam
495 2087 714 2131 respicientes,
734 2095 791 2128 pro
811 2083 909 2116 nullis
935 2088 967 2115 ct
991 2081 1100 2113 invali-

367 2142 414 2175 dis
441 2143 619 2179 habentur,
637 2145 736 2182 utque
761 2136 959 2181 pertinacius
985 2135 1017 2167 in
1043 2136 1100 2166 sua

367 2193 542 2238 persistant
573 2191 811 2229 obstinatione,
838 2199 901 2221 non
928 2188 1059 2221 obtenta
1084 2198 1100 2218 a

367 2246 591 2290 superioribus
613 2246 761 2278 facultate
782 2241 932 2276 veniendi
953 2242 1098 2279 Romam,

367 2299 464 2341 longa
497 2297 677 2341 suscipiunt
708 2297 835 2335 itinera,
856 2295 939 2327 etad
968 2295 1098 2335 longum

368 2357 503 2394 tenipus,
529 2356 642 2383 contra
677 2349 911 2392 praescriptum
948 2346 1101 2379 constitu-

368 2405 491 2437 tionum
508 2403 635 2436 Ordinis
657 2401 812 2445 praedicti
831 2412 867 2433 ac
896 2400 1099 2432 decretorum

368 2458 465 2491 liuius
491 2462 617 2490 sanctae
643 2456 746 2495 Sedis,
775 2459 940 2496 vagantur.

412 2510 474 2555 §Q
494 2510 569 2543 Cuin
595 2514 712 2548 autem,
735 2508 816 2540 sicut
837 2508 949 2540 eadem
976 2505 1101 2549 exposi-

371 2572 423 2606 tto,
442 2565 481 2597 ol)
501 2563 671 2596 inunancm
688 2567 790 2593 terrac
808 2560 967 2604 marisque
984 2559 1022 2592 ab
1042 2560 1100 2593 bac

1152 191 1303 215 ROMANUM
1889 183 1940 216 An.
1957 184 1985 217 C.
2007 185 2076 219 1678

1154 240 1237 272 alma
1252 239 1337 272 Urbe
1361 238 1523 272 Indiarnm
1549 238 1742 278 distantiam,
1759 248 1825 271 non
1843 239 1895 270 sa-⁴

1155 292 1216 325 0110
1253 291 1531 325 succrescentibus
1572 291 1757 324 huiusmodi
1792 291 1886 324 malis

1155 349 1339 386 opportune
1372 344 1476 387 possit
1499 355 1517 376 a
1540 343 1710 386 superiore
1742 342 1887 384 generali

1156 396 1230 428 dicti
1255 395 1382 429 Ordinis
1403 396 1505 438 aptari
1531 396 1673 428 medela:
1693 394 1785 427 nobis
1810 405 1887 438 pro-

1156 455 1268 491 pterea
1292 450 1395 482 dictus
1420 449 1604 482 Dominicus
1629 448 1765 481 vicarius
1789 458 1888 489 gene-

1155 503 1230 535 ralis
1267 502 1432 535 humiliter
1470 501 1645 544 supplicari
1682 501 1757 533 fecit
1787 506 1823 533 ut
1852 500 1885 533 in

1154 556 1339 597 praemissis
1363 560 1544 598 opportune
1581 553 1752 597 providere
1787 558 1819 586 et
1849 559 1886 586 ut

1153 607 1235 640 infra
1260 608 1429 650 indulgere
1461 608 1500 640 de
1531 607 1730 649 benignitate
1754 611 1884 649 aposto-

1151 660 1210 693 lica
1235 661 1454 703 dignaremur.

1192 714 1206 756 ἓ
1231 713 1262 746 3.
1283 713 1344 746 Nos
1362 713 1472 755 igitur,
1488 711 1660 746 effraenem
1682 712 1770 746 illam
1787 711 1884 745 licen·
1944 721 2075 749 Praecipiunt

1150 765 1223 798 tiam
1252 766 1442 808 insurgendi
1480 771 1592 798 contra
1617 764 1802 808 superiores
1827 748 2074 801 eis-iffssg'iiiiiafi'iiiii]

1893 800 1931 820 sub
1945 802 2007 821 earth
2023 807 2074 827 pue.

1147 829 1209 860 que
1252 818 1393 850 debitam
1434 817 1653 851 obedientiam
1697 816 2074 859 denegandinisqnomeun.

1146 881 1362 913 compescere,
1381 882 1417 903 ac
1442 870 1680 913 provinciarum
1701 868 1882 912 praedicta·
1892 853 2073 909 bssffoiinssiffliiiii‘

1146 934 1214 955 rum
1240 923 1350 966 quieti,
1366 928 1520 966 quantum
1546 923 1638 955 nobis
1663 933 1700 955 ex
1725 923 1789 954 alto
1806 932 1881 954 con·
1891 906 2074 958 {55522'50⁰223ltii

1145 976 1278 1014 ceditur,
1294 977 1465 1008 consulere
1490 975 1668 1018 cupientes,
1690 974 1879 1017 dictumque
1890 958 2018 1006 &affirmatis
2035 964 2073 984 μ’

1145 1028 1345 1060 Dominieum
1375 1028 1528 1060 vicarium
1562 1028 1748 1070 generalem
1771 1037 1787 1059 a
1812 1027 1881 1070 qui-

1143 1081 1250 1113 busvis
1275 1081 1626 1121 excommunicationis,
1653 1080 1878 1124 suspensionis

1143 1140 1174 1166 et
1197 1134 1369 1174 interdicti,
1395 1133 1533 1177 aliisque
1559 1133 1785 1166 ecclesiasticis
1804 1143 1879 1166 sen-

1144 1187 1264 1227 tentiis,
1288 1187 1435 1220 censuris
1454 1193 1483 1219 et
1501 1187 1625 1230 poenis,
1648 1197 1665 1218 a
1682 1185 1751 1219 iure
1771 1186 1821 1218 vel
1838 1186 1877 1218 ab

1143 1241 1283 1279 homine,
1310 1240 1419 1283 quavis
1443 1239 1613 1272 occasione
1637 1239 1686 1271 vel
1712 1240 1808 1271 causa
1838 1239 1868 1271 la

1144 1293 1192 1332 tis,
1217 1293 1241 1325 si
1267 1293 1384 1336 quibus
1421 1292 1668 1336 quomodolibet
1702 1291 1876 1324 innodatus

1143 1346 1258 1385 existit,
1285 1347 1323 1378 ad
1356 1345 1506 1378 effectum
1538 1343 1763 1388 praesentium
1788 1344 1879 1376 dum-

1143 1405 1226 1431 taxat
1261 1398 1536 1441 consequendum,
1570 1397 1687 1429 harum
1718 1395 1802 1428 serie
1827 1396 1879 1428 ab·

1142 1453 1305 1484 solventes
1331 1456 1362 1484 et
1386 1451 1568 1483 absolutum
1595 1451 1664 1482 sore
1688 1454 1876 1488 censenteS,

1144 1504 1329 1537 huiusmodi
1355 1503 1647 1546 supplicationibus
1666 1501 1819 1540 inclinati,
1838 1501 1877 1533 de

1143 1557 1373 1589 venerabilium
1391 1557 1522 1588 fratrum
1534 1561 1718 1588 nostrorum
1732 1554 1763 1586 S.
1783 1553 1820 1586 R.
1840 1553 1875 1586 E.

1143 1609 1350 1641 cardinalium
1376 1608 1515 1651 negotiis
1537 1613 1568 1640 et
1586 1605 1879 1640 consultationibus

1143 1663 1369 1706 episcoporum
1396 1668 1427 1694 et
1451 1661 1648 1704 regularium
1678 1658 1879 1702 praeposito-

1143 1726 1222 1753 rum,
1250 1714 1302 1757 qui
1329 1714 1481 1746 dilectum
1507 1713 1606 1745 silium
1632 1715 1878 1755 procuratorem

1143 1768 1326 1809 generalem
1352 1766 1478 1799 Ordinis
1496 1764 1651 1808 praedicti
1677 1763 1877 1803 audiverunt,

1143 1820 1279 1853 consilio
1296 1847 1303 1859 ,
1330 1818 1518 1851 auctoritate
1545 1817 1738 1860 apostolica,
1764 1821 1878 1849 tenore

1143 1872 1548 1916 praesentium,perpetuo
1573 1870 1741 1902 stattciimus
1767 1874 1799 1902 et
1828 1879 1880 1902 or-

1144 1926 1302 1964 dinamus,
1330 1929 1372 1963 ut,
1387 1923 1411 1955 si
1438 1923 1469 1954 in
1495 1922 1638 1959 Onitensi
1664 1923 1712 1954 vel
1738 1921 1808 1954 aliis
1828 1921 1880 1953 In-

1144 1979 1267 2011 diarum
1283 1975 1456 2020 provinciis
1472 1975 1647 2018 praedictis
1664 1974 1780 2007 electio
1794 1974 1879 2017 prio-

1144 2031 1187 2063 ris
1212 2029 1418 2073 provincialis
1439 2029 1519 2060 sacta
1538 2028 1595 2059 11111
1612 2038 1670 2070 per
1694 2026 1878 2070 suffragium

1143 2089 1300 2116 secretum
1326 2093 1343 2115 a
1367 2081 1479 2114 maiori
1506 2086 1596 2124 parte
1623 2081 1807 2121 electorum,
1829 2090 1879 2112 eo-

1144 2135 1222 2180 que*
1249 2147 1266 2168 a
1290 2134 1495 2178 praesidente
1531 2133 1664 2176 capituli
1699 2133 1878 2165 successive

1143 2188 1340 2227 confirmata,
1362 2197 1473 2220 omnes
1498 2192 1528 2218 et
1552 2185 1671 2228 singuli
1697 2185 1879 2228 provincia-

1143 2253 1212 2274 rum
1238 2240 1422 2274 huiusmodi
1442 2239 1621 2283 respective
1645 2238 1803 2281 religiosi,
1825 2249 1879 2271 cu·-

1144 2295 1329 2336 iuscumque
1356 2293 1495 2335 gradus,
1523 2291 1687 2334 dignitatis
1712 2296 1743 2323 et
1766 2291 1878 2323 condi-

1143 2347 1240 2380 tionis
1277 2346 1438 2385 existant,
1475 2345 1533 2377 sub
1569 2343 1757 2387 privationis
1792 2343 1877 2376 vocis

1143 2400 1263 2433 activae
1290 2405 1321 2431 et
1346 2398 1491 2440 passivae
1525 2408 1560 2429 ac
1585 2397 1740 2439 graduum
1772 2402 1803 2429 et
1831 2396 1861 2428 di

1144 2452 1299 2495 gnitatum
1327 2462 1384 2484 seu
1410 2450 1588 2483 officiorum
1607 2460 1665 2492 per
1687 2459 1741 2481 eos
1766 2450 1878 2481 obten-

1179 2523 1189 2549 1
1220 2521 1318 2548 Forsan
1347 2529 1436 2555 eaque
1465 2520 1505 2546 vel
1533 2522 1617 2554 alque
1644 2518 1805 2553 legendum,
1833 2513 1904 2547 aut'

1144 2566 1220 2602 paulo
1240 2568 1298 2602 post
1319 2564 1423 2599 legend.
1445 2564 1615 2591 confirmato
1635 2565 1672 2599 (R.
1689 2563 1739 2596 T.).
