2111 3157
811 199 908 223 inflex
933 199 1039 223 annun
1583 193 1646 225 985

245 250 278 282 in
302 249 409 292 Belgio
433 256 611 282 servaretur
635 251 815 283 constitutio
840 251 1006 284 Clementis
1030 250 1112 291 VIII,
1137 250 1200 283 523
1226 251 1259 290 b3
1296 250 1377 283 inter
1401 251 1536 284 Minores
1560 252 1599 284 de
1627 253 1689 286 Ob-

244 302 400 335 servantia
421 306 451 334 et
470 302 694 336 Conventuales
711 304 934 336 conventiones
958 303 1052 336 initae
1076 303 1160 335 circa
1185 304 1355 347 primatum
1380 304 1411 336 in
1435 304 1690 347 processionibus

245 354 377 397 aliisque
401 354 615 386 functionibus
643 355 776 387 civitatis
794 356 1018 388 Aversanensis
1049 359 1154 388 extant
1184 356 1397 396 confirmatae,
1417 355 1480 388 527
1509 356 1525 388 b
1553 360 1583 388 et
1612 367 1688 398 seqq

245 406 277 439 in
310 405 473 449 provincia
503 406 532 439 S.
551 406 655 439 Iacobi
679 407 712 439 in
735 407 885 451 Hispania
910 408 1093 441 alternativa
1119 409 1307 441 electionum
1332 410 1543 449 reformatur,
1568 409 1627 442 581
1656 409 1688 448 b;

243 458 389 502 praefatis
414 458 587 491 Minoribus
612 458 650 491 de
675 459 877 492 Observantia
901 461 932 492 in
963 461 1078 493 Terrae
1102 461 1230 493 Sanctae
1263 462 1340 493 locis
1369 461 1556 503 degentibus
1580 461 1707 493 indul--

245 511 350 553 gentia
374 511 515 554 plenaria
540 511 571 543 in
596 511 728 544 articulo
753 513 864 545 mortis
888 513 1081 554 conceditur,
1099 512 1162 545 588
1187 513 1223 552 b;
1248 514 1330 547 inter
1353 514 1488 546 Minores
1512 513 1690 556 praedictos

245 569 273 595 et
289 563 512 597 Conventuales
526 564 749 596 conventiones
773 565 851 596 aliae
874 565 967 598 initae
984 566 1066 598 circa
1084 566 1254 609 primatum
1272 567 1304 598 in
1321 567 1586 609 processionibus,
1606 567 1689 599 aliis-

243 626 303 659 que
326 616 539 649 sunctionibus
570 617 702 649 civitatis
726 617 925 657 Iserniensis,
954 618 1018 651 609
1043 619 1075 658 b;
1100 619 1184 661 ipsos
1213 620 1385 652 concedere
1418 619 1532 651 debere
1564 619 1689 651 Praedi-

244 668 404 702 catoribus
439 669 471 701 in
501 669 758 712 processionibus
781 670 813 702 in
837 670 999 714 provincia
1023 671 1162 710 Quitensi
1187 672 1342 713 statuitur,
1360 671 1424 704 6025
1449 673 1465 703 b
1489 677 1520 704 et
1542 683 1609 716 seq3
1630 672 1689 704 eis-

244 720 315 753 dem
341 721 502 754 decretum
521 721 678 764 quoddam
696 722 955 764 Congregationis
979 723 1200 766 episcoporum
1226 729 1255 756 et
1279 725 1484 766 regularium,
1509 735 1572 766 quo
1596 734 1688 766 supe-

243 774 381 806 rioribus
405 774 579 816 iniungitur
596 784 634 806 ne
652 775 836 817 permittant
856 776 1032 808 saeculares
1049 776 1171 818 ingredi
1196 782 1282 820 septa
1307 777 1452 809 coenobii
1478 787 1549 808 cum
1574 777 1689 819 sclopis

242 833 295 858 aut
319 827 424 866 armis,
451 827 498 859 vel
523 826 565 858 ibi
591 827 710 868 ludere,
731 833 784 859 aut
804 828 921 860 morari
939 828 1021 860 ultra
1046 832 1107 861 tres
1128 829 1204 868 dies,
1228 829 1444 869 confirmatur,
1469 828 1533 861 (333
1557 841 1577 861 a
1602 835 1631 861 et
1655 830 1688 868 b,

241 879 388 921 praefatis
419 884 532 911 statuta
563 879 716 922 quaedam
748 879 876 922 capituli
901 879 1057 922 generalis
1082 880 1164 912 circa
1199 881 1413 924 eleemosynas
1437 881 1689 923 praedicatorum

242 937 272 963 et
305 931 510 964 bibliothecas
546 942 730 965 communes
766 933 864 964 relata
899 932 1065 965 confirmat
1089 933 1245 973 Pontifex,
1270 943 1391 966 necnon
1417 933 1460 965 Pii
1485 933 1507 965 V
1533 933 1688 965 constitu—

241 983 357 1017 tionem
383 984 494 1016 eadcm
518 995 613 1027 super
637 995 671 1016 re
696 985 834 1024 innovat,
855 985 920 1018 634
940 986 976 1026 (13
1002 986 1078 1018 item
1104 992 1253 1018 statutum
1279 987 1406 1029 capituli
1432 986 1588 1027 generalis
1605 986 1688 1018 circa

241 1038 374 1070 lectores
400 1037 481 1069 inter
496 1041 600 1080 patres
617 1037 798 1080 provinciae
812 1038 1096 1079 connumerandos,
1118 1036 1181 1069 668
1199 1048 1218 1070 α
1236 1042 1265 1069 et
1281 1048 1356 1080 seq,
1374 1037 1490 1069 eisdem
1516 1037 1688 1079 antiquitus

240 1088 353 1122 tradita
377 1089 472 1121 fuisse
497 1089 700 1121 custodienda
716 1090 797 1122 Loca
821 1096 927 1123 sancta
951 1090 1142 1123 Palaestinae
1161 1090 1262 1129 docet,
1283 1088 1346 1121 682
1363 1101 1383 1122 α
1408 1095 1437 1121 et
1457 1090 1488 1128 b,
1510 1090 1688 1132 iterumque

239 1141 316 1183 ipsis
348 1147 419 1184 post
443 1147 590 1184 quartum
615 1143 773 1174 saeculum
789 1153 806 1174 a
821 1143 929 1175 Turcis
954 1143 1060 1175 eiectis
1084 1148 1154 1185 post
1178 1142 1449 1184 recuperationem
1468 1142 1497 1174 S.
1519 1142 1688 1182 Locorum,

241 1193 348 1226 eadem
374 1195 454 1227 Loca
480 1200 585 1227 sancta
609 1195 810 1236 Palaestinae,
827 1196 871 1228 uti
895 1199 966 1229 ante
990 1195 1215 1238 expulsionem,
1241 1194 1443 1226 custodienda
1467 1194 1571 1234 tradit,
1588 1194 1652 1227 683
1668 1207 1687 1227 a

241 1252 270 1278 et
294 1247 327 1286 [13
352 1247 497 1289 praefatis
530 1247 701 1279 Minoribus
733 1247 770 1279 de
801 1247 1028 1288 Observantizi,
1065 1247 1248 1280 docentibus
1271 1247 1445 1279 doctrinam
1471 1247 1683 1287 christianam,

239 1300 448 1342 indulgentias
468 1305 638 1343 perpetuas
655 1300 818 1340 concessit,
837 1298 902 1331 684
918 1300 934 1331 b
951 1305 981 1332 ct
996 1310 1074 1342 seq.;
1092 1300 1216 1331 decreta
1232 1299 1382 1331 nonnulla
1399 1299 1685 1341 Congregationum

239 1352 460 1395 episcoporum
493 1358 523 1385 et
558 1352 753 1394 regularium
783 1362 906 1384 necnon
941 1352 1145 1383 immunitatis
1173 1361 1232 1393 pro
1256 1351 1453 1393 exemptione.
1484 1351 1686 1394 syndicorum

239 1405 363 1437 Ordinis
392 1404 490 1437 sancti
514 1404 671 1437 Francisci
696 1404 733 1436 de
758 1404 961 1437 Observantia
985 1415 1002 1436 a
1026 1405 1094 1436 soro
1119 1404 1288 1443 saeculari,
1314 1404 1551 1443 confirmantur,
1576 1405 1640 1437 686
1665 1418 1685 1438 a

238 1463 268 1489 et
291 1468 368 1501 seq,
395 1457 468 1489 item
493 1457 618 1489 decreta
636 1457 789 1499 quaedam
810 1457 944 1489 ministri
961 1457 1116 1499 generalis
1140 1467 1200 1500 pro
1225 1457 1431 1489 missionariis
1444 1456 1568 1489 Ordinis
1588 1459 1686 1490 sancti

227 1509 394 1542 Francisci
419 1509 457 1541 de
481 1509 684 1542 Observantia
713 1520 887 1552 eorumque
911 1509 1086 1542 seminariis
1110 1508 1141 1541 in
1166 1509 1313 1551 Hispania
1334 1513 1362 1541 et
1386 1509 1480 1540 Indiis
1505 1509 1686 1542 Occidenta-

240 1562 322 1593 libus
348 1562 517 1604 erigendiS,
543 1560 608 1593 6th
625 1561 639 1593 b
665 1567 695 1593 et
718 1572 788 1604 seq,
808 1561 953 1604 praefatis
979 1561 1143 1604 privilegia
1168 1562 1273 1593 onmia
1303 1567 1332 1593 ct
1356 1561 1569 1603 indulgentiae
1596 1562 1687 1595 Ordi-

237 1615 328 1647 nibus
349 1615 446 1646 sancti
471 1614 628 1646 Francisci
653 1614 691 1645 de
716 1613 920 1646 Observantia
945 1619 973 1645 et
1006 1613 1075 1646 aliis
1109 1614 1271 1656 utriusque
1306 1623 1397 1645 sexus
1433 1614 1577 1656 personis
1610 1616 1685 1647 alias

239 1677 388 1700 concessa
406 1667 644 1705 confirmantur,
663 1665 725 1698 709
745 1667 777 1705 b,
799 1666 874 1697 item
899 1665 1067 1698 seminaria
1098 1677 1156 1708 pro
1182 1665 1387 1698 missionariis
1412 1666 1440 1697 S.
1464 1666 1622 1698 Francisci
1647 1667 1685 1699 de

239 1720 443 1752 Observantia
468 1720 499 1751 in
526 1719 673 1762 Hispania
691 1724 720 1750 et
751 1718 845 1750 Indiis
873 1718 1124 1751 Occidentalibus
1149 1724 1265 1757 erecta,
1284 1728 1355 1750 cum
1373 1718 1517 1750 facultate
1543 1719 1684 1761 erigendi

238 1772 296 1804 alia
322 1773 489 1805 seminaria
514 1782 572 1814 pro
599 1771 804 1803 missionariis
828 1771 1007 1814 praedictis,
1024 1780 1146 1802 necnon
1163 1772 1275 1801 statuta
1292 1768 1443 1811 quaedam
1470 1769 1603 1801 ministri
1628 1781 1683 1812 ge-

237 1825 352 1856 neralis
375 1835 433 1868 pro
458 1824 614 1856 dictorum
640 1824 880 1856 seminariorum
906 1824 1071 1865 regimine,
1090 1822 1152 1855 71'102
1171 1823 1187 1854 b
1208 1827 1237 1854 et
1253 1833 1328 1865 serp,
1354 1827 1387 1853 ut
1404 1821 1598 1864 indulgentia
1622 1824 1684 1865 ple-

237 1877 323 1909 naria
350 1881 510 1920 perpetua,
536 1878 675 1920 ipsorum
701 1877 840 1909 ecclesiis
866 1876 915 1908 die
939 1886 961 1908 11
985 1875 1109 1917 augusti
1141 1884 1308 1913 concessa,
1333 1874 1483 1916 applicari
1509 1874 1606 1917 possit
1627 1885 1684 1918 per

238 1930 365 1961 modum
386 1930 538 1971 suffragii,
564 1929 707 1962 concedit
731 1929 880 1969 Pontifex,
908 1927 970 1960 725
994 1928 1027 1967 [13
1053 1937 1110 1970 pro
1134 1926 1312 1969 praedietis,
1328 1931 1361 1957 ut
1378 1926 1578 1968 exequutioni
1596 1937 1683 1958 man-

239 1982 365 2014 daretur
390 1982 570 2015 alternativa
589 1982 618 2013 in
637 1982 787 2014 electione
813 1980 1021 2014 commissarii
1051 1979 1206 2021 generalis
1234 1978 1418 2010 cismontani
1444 1978 1524 2010 inter
1556 1979 1682 2011 cosdem

239 2034 373 2066 Minores
399 2034 437 2066 dc
462 2034 663 2067 Observantia
689 2039 718 2066 et
750 2035 944 2067 Pte-formatos
969 2033 1083 2072 statuit,
1101 2030 1164 2063 916
1189 2031 1204 2063 b
1225 2036 1255 2062 et
1277 2041 1353 2074 ηιμ
1379 2030 1532 2063 Minorum
1559 2042 1683 2064 eorum-

239 2088 308 2120 dem
327 2087 477 2119 coenobia
498 2087 662 2130 quaedam,
680 2087 772 2130 paulo
790 2092 860 2118 ante
878 2097 895 2118 a
914 2085 1085 2129 provinciis
1106 2085 1221 2116 Veneta
1247 2089 1276 2115 et
1304 2083 1491 2115 Bononiensi
1517 2089 1682 2125 segregata

238 2146 266 2172 et
291 2140 512 2172 Mediolanensi
537 2146 717 2181 aggregata,
742 2140 772 2170 in
792 2139 958 2182 pristinum
979 2143 1092 2170 statum
1114 2136 1318 2173 reducuntur,
1343 2135 1403 2167 9⁶21
1434 2136 1450 2167 h
1476 2140 1504 2168 ct
1528 2147 1591 2179 seq.

150 2192 284 2226 Minores
309 2192 476 2224 Recollecti
512 2192 542 2224 in
567 2191 726 2234 Hispania.
752 2192 917 2223 Decretum
939 2190 1094 2233 quoddam
1120 2188 1379 2229 Congregationis
1404 2188 1626 2230 episcoporum
1652 2194 1682 2220 et

237 2244 431 2286 regularium
456 2254 551 2287 super
575 2244 726 2277 electione
747 2244 992 2286 praecipuorum
1006 2241 1186 2274 officialium
1208 2240 1404 2273 confirmavit
1418 2240 1616 2273 Innocentius
1630 2241 1680 2280 xl,

239 2296 303 2329 630
328 2308 346 2329 α
373 2302 403 2328 ct
429 2298 456 2329 b.

150 2349 284 2383 Minores
309 2349 488 2382 Reformati.
518 2349 577 2380 Pro
601 2353 754 2380 conventu
780 2347 839 2380 loci
865 2347 902 2379 de
927 2347 1056 2379 Binasco
1081 2347 1240 2378 decretum
1266 2345 1524 2387 Congregationis
1550 2345 1680 2378 Concilii

239 2412 332 2445 super
356 2402 511 2434 delatione
536 2401 721 2432 cadaverum
747 2399 785 2431 ad
803 2410 910 2432 eorum
936 2399 1093 2437 ecclesias,
1117 2397 1159 2430 <23
1177 2409 1196 2430 α
1214 2403 1243 2429 ct
1261 2398 1293 2436 b3
1315 2398 1352 2429 ad
1372 2398 1506 2430 Minores
1524 2398 1680 2440 praefatos

238 2455 324 2487 nullo
355 2460 445 2497 pacto
471 2452 630 2496 pertinere
654 2452 791 2494 legatum
816 2453 996 2484 Arelatense
1029 2451 1200 2484 Minoribus
1224 2450 1262 2482 de
1286 2449 1488 2482 Observantia
1517 2450 1678 2491 relictum,

239 2508 426 2546 declaratur,
451 2506 493 2537 39
520 2506 536 2537 b
561 2510 591 2536 ct
607 2515 685 2546 seq.;
711 2504 871 2537 decretum
889 2504 1054 2537 cardinalis
1078 2503 1275 2547 protectoris,
1300 2514 1362 2546 quo
1388 2509 1491 2535 certus
1508 2508 1680 2535 conventus

240 2561 416 2602 assignatur
446 2558 664 2591 commissario
688 2557 929 2589 Terraesanctac
953 2556 1076 2589 Ordinis
1099 2557 1254 2589 Minorum
1281 2556 1327 2587 vel
1352 2556 1604 2588 Reformatorum
1630 2555 1677 2587 vel

293 2622 370 2649 Rull.
387 2622 468 2648 Rom.
486 2635 518 2639 —
538 2620 596 2646 Vol.
614 2620 688 2646 XIX.
835 2619 884 2644 124
