2111 3157
101 164 150 193 An.
167 165 194 193 c.
219 165 286 194 1086
332 158 395 192 714

294 216 411 257 fuisse,
446 222 541 261 atque
577 216 769 250 missionum
811 215 1030 259 praefatarum

295 271 445 305 exercitio
474 274 536 304 una
566 281 637 303 cum
667 269 763 302 sociis
796 268 973 312 praedictis
999 267 1031 299 in

292 326 481 369 praelibatis
512 325 658 369 partibus
692 323 855 356 indefesse
880 332 1030 362 vacasse,

292 379 585 421 necessitatemque
610 377 834 422 operariorum
859 377 898 409 ad
916 386 1031 409 munus

293 433 374 466 adeo
399 431 581 475 proficuum
608 431 639 463 in
665 429 779 463 maiori
805 440 942 463 numero
967 439 1031 462 non

291 485 361 518 sine
387 494 503 526 magno
530 484 644 517 dolore
671 488 839 526 expertum
856 482 964 522 fuisse,
991 482 1032 515 ob

290 538 400 581 idque,
416 538 454 570 de
479 537 618 571 consilio
641 536 905 580 gravissimorum
929 535 1032 569 nostri

291 590 418 624 Ordinis
442 595 570 633 patrum
588 591 796 632 superiorum
817 599 960 628 assensu,
982 588 1033 622 Or·

291 644 488 678 dinariorum
514 643 678 682 instantia,
693 642 839 676 fidelium
863 652 899 676 ac
923 641 1032 676 infide·

289 697 368 731 lium
393 703 516 730 motum
541 696 746 736 necessitate,
773 695 879 729 socios
904 694 1031 738 praedi-

289 756 358 784 ctos
384 750 415 782 in
442 750 621 793 praelibato
652 748 843 782 missionum
876 748 1030 782 exercitio

287 802 468 846 reliquisse,
493 802 525 834 in
550 801 804 845 Hispaniamque
830 801 938 833 divina
960 800 1030 843 opi-

288 857 415 889 tulante
440 855 543 898 gratia
575 865 734 898 prospere
766 854 946 894 revertisse,
971 853 1032 887 ibi-

289 919 351 952 que
388 908 517 942 illarum
558 908 698 951 partium
737 907 965 940 necessitatem
1001 911 1032 939 et

288 961 568 995 missionariorum
585 960 754 1004 penuriam
771 960 950 993 catholicae
970 970 1032 993 ma-

287 1014 409 1047 iestatis
443 1024 478 1047 ae
511 1013 674 1046 Indiarum
711 1018 742 1046 et
773 1014 1031 1046 ultramontanae

288 1067 428 1100 familiae
455 1065 678 1099 commissario
704 1065 848 1108 generali
872 1065 1031 1098 veraciter

281 1114 494 1164 exposuisse,
522 1124 618 1162 atque
644 1119 683 1151 ab
707 1117 780 1162 ipso
806 1117 1030 1151 commissario

279 1171 432 1217 ‘generali
453 1172 711 1216 quamplurimas
727 1170 845 1214 gratias
859 1176 890 1204 et
906 1171 1032 1204 faculta.

287 1232 346 1267 tes,
368 1236 427 1269 pro
449 1225 668 1258 conductione
698 1225 832 1258 aliorum
858 1224 1031 1267 religioso-

287 1290 367 1319 rum,
385 1278 550 1312 erectione
572 1284 601 1311 et
627 1277 788 1321 gubernio
813 1288 971 1311 novorum
991 1278 1030 1311 ad

280 1328 488 1376 ‘praedictum
524 1331 714 1364 missionum
745 1341 860 1364 munus
893 1331 1030 1364 semina-

287 1385 419 1423 riorum,
448 1395 484 1418 ac
509 1385 548 1418 ad
575 1384 668 1417 istam
694 1384 870 1417 Romanam
903 1384 1029 1417 Curiam

289 1436 470 1470 accessum¹
496 1441 527 1470 et
562 1441 811 1470 memoratarum
842 1436 1029 1470 facultatum

280 1488 465 1533 'apostoliea
493 1489 750 1529 confirmatione,
778 1489 922 1532 legitime
947 1490 1030 1523 obti-

134 2454 164 2476 Do
179 2453 279 2480 religiosi

288 1544 409 1583 nuisse,
435 1549 531 1586 atque
556 1548 701 1576 nostram
726 1543 884 1576 dictarum
910 1544 1031 1577 consti-

287 1597 446 1630 tutionum
473 1602 504 1630 et
529 1596 718 1630 facultatum
739 1608 757 1629 a
780 1597 928 1640 praefato
945 1608 1031 1630 com-

286 1650 435 1683 missario
460 1650 605 1693 generali
631 1649 816 1683 obtentani²
837 1656 868 1684 et
892 1650 1030 1684 erectio-

287 1714 365 1737 num
390 1703 661 1747 approbationem
685 1703 801 1737 affectu
826 1705 924 1747 pleno
951 1704 1030 1737 desi-

288 1757 423 1791 derare:
450 1757 561 1796 illam,
583 1762 615 1790 et
640 1757 720 1790 alias
744 1757 880 1801 insuper
909 1757 1029 1800 gratias

287 1821 324 1843 ac
353 1810 563 1849 directiones,
591 1811 709 1853 quibus
743 1810 932 1843 huiusmodi
958 1821 1030 1843 san-

288 1868 375 1896 ctum
396 1868 427 1895 et
445 1862 606 1896 laudabile
629 1862 667 1895 ab
686 1863 858 1896 immortali
878 1863 944 1896 Deo
962 1873 1030 1896 coe-

287 1922 376 1960 ptum
401 1916 604 1960 propositum
622 1916 654 1948 in
673 1916 741 1949 dies
759 1917 946 1950 ferventiori
965 1917 1031 1949 ani-

288 1980 339 2002 mo
362 1979 397 2001 ac
419 1969 534 2002 mediis
555 1969 854 2012 opportunioribus,
870 1970 908 2003 ad
926 1970 1029 2014 ipsius

287 2021 342 2055 Dei
365 2022 533 2063 honorem,
551 2021 625 2054 fidei
647 2022 803 2056 catolicae
821 2023 1027 2067 propagatio-

288 2086 383 2115 nem,
410 2076 523 2118 populi
557 2076 727 2108 christiani
761 2076 1028 2117 instructionem,

288 2134 485 2172 nostraeque
500 2128 733 2163 Observantiae
760 2134 983 2173 augmentum,
1001 2135 1031 2163 et

289 2181 432 2214 omnium
448 2181 629 2214 animarum
648 2183 796 2223 salutem,
815 2181 970 2226 proseq‘ui
984 2194 1032 2215 va-

289 2234 365 2273 leas,
394 2234 462 2274 tibi,
480 2234 579 2267 sociis
607 2234 678 2274 tuis,
700 2235 770 2268 aliis
795 2235 1029 2275 missionariis,

290 2291 352 2319 tam
378 2287 603 2330 praesentibus
628 2298 724 2331 quam
746 2288 873 2327 futuris,
891 2288 949 2320 sub
969 2288 1032 2321 for-

289 2341 338 2372 ma
365 2339 512 2382 sequenti
539 2339 685 2372 duximus
710 2341 900 2381 concedere,
924 2351 960 2374 ac
980 2340 1032 2373 be-

290 2392 390 2434 nigno
417 2393 522 2425 favore
550 2393 694 2436 elargiri.

337 2456 358 2479 1.
383 2445 421 2478 Ut
458 2446 625 2489 praedicta
658 2446 850 2488 seminaria,
878 2452 1031 2492 quantum

332 2517 341 2541 1
367 2514 479 2541 Videtur
495 2514 635 2549 legendum
650 2524 761 2544 accessu
775 2518 813 2551 (n.
833 2519 880 2551 τ.).

331 2560 348 2588 2
368 2559 459 2586 Potius
480 2559 537 2596 lege
558 2560 739 2588 obtentarum
757 2563 796 2597 (n.
811 2563 859 2596 τ.).

884 167 1062 193 nuti-‚mitti
1089 166 1236 191 ROMMWM

1073 266 1203 300 Ordinis
1233 267 1431 311 primaevam
1470 268 1711 301 observantiam
1741 274 1808 302 ten-

1074 321 1171 362 dant,
1197 320 1229 353 in
1255 321 1301 354 eis
1326 322 1445 364 regula,
1463 321 1549 355 iuxta
1573 321 1809 356 declarationes

1074 384 1091 407 a
1116 373 1166 407 SS.
1192 373 1228 407 D.
1247 373 1283 407 N.
1303 375 1492 408 Innocentio
1517 374 1556 408 XI
1580 375 1612 408 in
1631 386 1689 408 suo
1707 380 1811 409 motu-

1074 427 1207 470 proprio
1232 427 1426 461 Sollicitudo
1448 428 1626 472 pastoralis
1641 435 1810 464 contentas

1075 486 1106 514 et
1119 481 1514 521 innovatas‚strictissime
1530 482 1727 523 observetur;
1742 493 1811 517 san-

1075 538 1225 577 ctamque
1243 538 1480 578 paupertatem,
1497 545 1591 579 quam
1610 540 1740 569 sanctus
1757 547 1811 579 pa-

1077 591 1123 620 ter
1147 592 1260 621 noster
1277 587 1467 621 Franciscus
1487 588 1648 622 dominam
1665 588 1812 634 appella-

1074 639 1141 680 bat,
1174 641 1325 674 studeant
1355 641 1551 675 missionarii
1587 652 1665 686 prae
1698 642 1812 677 mundi

1074 692 1198 726 deliciis
1229 693 1261 726 in
1291 695 1415 727 cunctis
1441 695 1601 735 revereri,
1628 695 1692 729 suis
1725 695 1812 730 enim

1073 746 1230 789 operariis
1254 747 1366 781 vineae
1384 747 1539 781 Dominus
1556 749 1752 792 providebit,
1771 749 1810 791 si,

1073 798 1178 832 labori
1204 799 1286 834 adeo
1311 801 1456 843 proficuo
1480 807 1641 841 vacantes,
1662 813 1754 836 suum
1781 802 1813 836 in

1074 852 1144 896 ipso
1169 853 1239 887 solo
1264 853 1399 888 Domino
1417 854 1591 897 cogitatum
1609 855 1810 891 iactaverint.

1075 906 1123 945 At,
1138 906 1214 949 quia
1237 906 1373 940 fratrum
1391 907 1642 941 Mendicantium
1661 919 1813 944 numerus

1073 959 1165 994 valde
1190 960 1304 1001 erevit,
1332 966 1364 994 et
1394 961 1540 995 fidelium
1576 962 1680 1006 pietas
1705 963 1812 997 minus

1073 1013 1208 1054 fervens,
1223 1015 1264 1047 ob
1279 1020 1390 1048 nostra
1406 1015 1515 1048 forsan
1534 1016 1699 1057 demerita,
1717 1027 1813 1061 quam

1073 1066 1105 1099 in
1130 1067 1292 1110 principio
1317 1067 1484 1111 religionis
1501 1067 1556 1101 iis¹
1575 1069 1689 1102 diebus
1714 1080 1813 1114 saepe

1073 1119 1203 1163 saepius
1229 1120 1409 1164 experitur,
1434 1132 1510 1155 usus
1542 1122 1670 1156 illarum
1694 1123 1814 1157 eonsti-

1074 1172 1233 1206 tutionum
1265 1174 1533 1217 apostolicarum,
1568 1186 1650 1218 quae
1684 1182 1813 1211 nostrae

1072 1227 1273 1270 paupertatis
1297 1228 1536 1262 observantiam
1557 1229 1701 1263 illaesam
1720 1230 1815 1264 relin—

1073 1284 1176 1322 quunt
1200 1284 1232 1312 et
1264 1279 1403 1324 aliquam
1438 1282 1572 1324 regulae
1598 1282 1814 1326 dispensatio-

1073 1342 1148 1364 nem
1172 1331 1257 1365 non*²
1274 1333 1452 1374 continent,
1468 1334 1618 1368 omnibus
1634 1335 1814 1369 seminariis

1072 1384 1270 1429 illorumque
1304 1386 1458 1420 fratribus
1494 1388 1602 1421 licitus
1638 1388 1722 1429 erit;
1758 1390 1813 1434 qui

1073 1438 1157 1470 enim
1182 1440 1325 1481 regulam
1350 1440 1559 1480 servaverint,
1578 1440 1658 1473 sicut
1674 1441 1813 1476 Summis

1073 1489 1281 1523 Pontificibus
1309 1502 1379 1524 eam
1404 1492 1493 1525 dedit
1516 1493 1670 1527 Dominus
1695 1494 1815 1529 intelli-

1073 1553 1148 1585 gere
1175 1549 1206 1577 ct
1223 1544 1400 1587 explicare,
1426 1546 1632 1588 evangelicae
1657 1547 1739 1581 vitae
1763 1558 1816 1581 va-

1073 1597 1210 1637 cabunt,
1237 1601 1268 1630 et
1292 1598 1401 1630 locum
1426 1597 1511 1631 inter
1535 1599 1721 1633 verissimos
1747 1611 1816 1634 san-

1073 1649 1113 1682 cti
1140 1649 1300 1683 Francisci
1326 1650 1412 1684 filios
1437 1652 1628 1685 aeternitate
1658 1658 1690 1686 et
1714 1654 1816 1695 gloria

1073 1702 1198 1735 felicem
1224 1703 1450 1746 possidebunt.
1478 1703 1560 1737 Usus
1585 1710 1692 1738 tamen
1723 1716 1815 1749 prae-

1073 1756 1175 1789 dictus
1212 1756 1333 1789 eisdem
1369 1757 1552 1790 seminariis
1589 1769 1625 1791 ac
1664 1758 1815 1793 fratribus

1072 1809 1288 1849 interdicitur,
1305 1810 1366 1842 nisi
1391 1811 1531 1851 statutis,
1552 1812 1584 1844 in
1604 1812 1688 1845 dicto
1713 1818 1814 1846 motu·

1072 1863 1208 1907 proprio
1233 1874 1292 1907 pro
1317 1863 1523 1897 observantia
1547 1865 1657 1898 relatis
1687 1871 1718 1899 et
1742 1877 1816 1900 exe-

1073 1916 1195 1949 cutioni
1210 1916 1355 1949 mandari
1374 1917 1556 1960 praeceptis
1577 1917 1707 1961 (quibus
1724 1929 1816 1962 prae·

1073 1968 1148 2001 dicti
1159 1969 1336 2001 seminarii3
1350 1969 1381 2002 in
1396 1971 1494 2002 rebus
1510 1971 1560 2003 liic
1575 1981 1638 2004 non
1653 1973 1815 2015 expressis

1072 2021 1118 2053 uti
1137 2022 1329 2064 teneantur),
1346 2022 1377 2054 in
1396 2022 1545 2056 omnibus
1566 2023 1606 2056 sit
1621 2025 1812 2059 conformis.

1074 2075 1209 2107 Praelati
1237 2080 1342 2107 autem
1362 2080 1393 2107 et
1413 2075 1556 2116 discreti,
1576 2087 1631 2110 seu
1659 2077 1813 2121 religiosi,

1073 2128 1125 2171 qui
1152 2128 1417 2168 contrafecerint,
1444 2129 1558 2172 poenis
1574 2129 1606 2163 in
1624 2131 1753 2164 statutis
1772 2136 1816 2165 ta-

1073 2181 1152 2213 xatis
1166 2180 1675 2225 indispensabititersubiaceant,
1690 2194 1816 2219 omnes-

1073 2244 1135 2277 que
1161 2234 1288 2275 fratres‚
1312 2239 1375 2267 tam
1401 2234 1521 2268 subditi
1548 2247 1643 2280 quam
1668 2237 1815 2281 superio·

1073 2298 1134 2328 res,
1161 2288 1235 2320 dum
1260 2288 1293 2320 in
1311 2289 1427 2322 actuali
1448 2289 1602 2323 exercitio
1623 2290 1814 2325 missionum

1074 2341 1158 2374 intra
1183 2342 1232 2375 vel
1258 2346 1347 2374 extra
1371 2342 1545 2376 seminaria
1564 2344 1813 2387 permanserint,

1074 2404 1108 2427 se
1144 2393 1183 2426 ab
1224 2386 1503 2438 eleemosynarum
1542 2396 1701 2449 petitione
1737 2401 1768 2430 et
1798 2407 1816 2431 a

1113 2475 1120 2499 t
1147 2474 1239 2501 Potius
1259 2474 1318 2509 lege
1338 2475 1383 2501 his
1403 2475 1443 2501 vel
1460 2475 1521 2502 istis
1536 2475 1572 2508 (R.
1591 2476 1638 2507 τ.).

1110 2519 1125 2544 2
1147 2519 1279 2546 Particula
1299 2528 1357 2546 non
1379 2519 1484 2546 videtur
1503 2519 1619 2547 delenda
1633 2524 1670 2553 (rt.
1687 2523 1736 2555 τ.).

1110 2563 1125 2591 3
1145 2562 1216 2598 Lege
1237 2564 1390 2592 vraedicla
1410 2565 1572 2592 seminaria
1595 2565 1630 2592 tn.
1653 2565 1700 2593 T).

1815 166 1864 195 An.
1880 166 1909 194 C.
1933 168 1998 197 ¹680

1072 214 1207 247 Domino
1232 213 1405 248 auxiliante
1429 214 1587 259 possibile
1621 214 1742 256 fuerit,
1768 214 1806 249 ad
1819 229 1999 283 Erotsfiffiuffiim

1918 263 1940 278 ΘΙ·
1973 264 1991 280 0.
