2111 3157
26 157 76 184 An.
93 155 122 183 C.
145 153 211 182 1678

42 1987 162 2010 cta-mnae.

213 267 294 300 pore
321 257 484 296 existenti,
501 258 541 290 ad
559 258 712 290 tuendum
729 256 944 298 archiepisco-

212 310 294 352 palis
315 309 480 352 dignitatis
495 310 601 350 decus,
619 314 650 342 et
663 308 759 342 alios¹
779 308 864 341 omni
879 318 945 340 me—

213 362 285 395 liori
319 363 414 394 modo
453 367 484 394 et
515 362 637 402 forma,
671 366 830 404 perpetuo
862 360 945 392 dicta

212 414 399 447 auctoritate
432 415 581 453 unimus,
606 414 805 446 annectimus
836 418 867 445 et
900 412 945 444 in-

212 477 432 509 corporamus,
457 477 493 499 ac
518 466 721 499 concedimus
746 470 778 497 et
802 465 944 506 assigna-

212 529 302 558 mus;
328 520 473 551 volentes
492 523 524 550 et
543 518 611 560 pari
631 518 819 550 auctoritate
837 517 944 549 decer-

211 577 325 603 nentes
341 576 375 602 ut
392 571 567 612 capitulum
593 570 750 603 ecclesiae
769 570 940 608 Albiensis,

211 623 242 655 in
268 623 591 665 archiepiscopalem,
611 628 646 654 ut
662 622 854 664 praefertur,
873 632 943 654 ere-

211 681 289 715 ctae,
315 675 504 707 adveniente
530 675 773 717 quomodolibet
798 679 830 707 et
847 684 943 716 quan-

211 728 391 770 documque
406 727 493 759 sedis
514 727 801 770 archiepiscopalis
814 727 942 759 Albien-

210 779 255 811 sis
279 779 454 819 vacatione,
478 779 582 821 primo
602 789 686 811 anno
717 779 940 821 cuiuscumque

209 832 384 865 vacationis
408 832 606 871 huiusmodi,
633 832 697 864 sive
721 842 781 874 per
804 832 938 871 obitum,

210 884 275 917 sive
300 884 388 923 alias,
414 884 563 917 omnibus
588 889 619 917 et
639 884 773 926 singulis
797 883 941 926 superio-

209 938 320 978 ritatis,
347 936 580 970 iurisdictionis
606 942 638 969 et
661 937 782 979 sigilli,
808 947 844 969 ac
866 936 940 969 red-

209 990 335 1022 dituum
371 990 497 1022 utilium
533 990 676 1028 iuribus,
703 1000 785 1032 quae
816 990 939 1022 ratione

209 1042 374 1084 dignitatis
388 1041 673 1084 archiepiscopalis
693 1052 806 1074 recens
832 1041 940 1083 acqui-

208 1099 321 1127 rentur
360 1094 445 1127 dicto
489 1094 735 1136 archi-episcopo
771 1094 937 1133 Albiensi,

209 1146 333 1178 fruatur
355 1151 387 1178 et
411 1146 549 1188 gaudeat
566 1145 597 1177 in
622 1146 772 1184 futurum,
791 1147 939 1188 quemad-

207 1199 340 1231 modum
376 1198 480 1237 etiam‚
505 1198 538 1229 in
570 1198 637 1240 pari
663 1209 740 1230 casu
764 1198 939 1230 vacationis

208 1250 293 1282 sedis
313 1249 600 1292 archiepiscopalis
619 1249 839 1288 Bituricensis‚
857 1251 939 1291 capi-

208 1303 309 1335 tulum
342 1302 497 1334 ecclesiae
530 1301 750 1341 Bituricensis,
777 1302 939 1344 pendente

207 1355 312 1397 primo
329 1363 414 1386 anno
431 1353 659 1396 cuiuscumque
680 1354 856 1386 vacationis
881 1364 940 1397 per

212 1406 336 1439 obitum
372 1407 422 1438 vel
453 1406 695 1447 aliaS,etiamsi
734 1406 805 1449 ipsa
847 1407 938 1439 sedes

210 1459 298 1491 intra
338 1459 439 1501 ipsum
477 1469 593 1490 annum
630 1459 814 1501 repleatur,
846 1459 938 1491 dictis

209 1511 324 1543 annuis
356 1511 541 1553 quindecim
576 1511 720 1543 millibus
758 1511 937 1550 librarum,

208 1573 336 1596 mensae
362 1562 630 1605 archiepiscopali
666 1562 882 1595 Biturieensi2
905 1569 939 1595 ut

209 1616 389 1658 praefertur
405 1614 511 1654 unitis,
535 1615 654 1647 fruatur
672 1619 703 1647 et
716 1615 854 1657 gaudeat
868 1626 939 1647 cuin

208 1677 318 1700 eorum
343 1667 518 1704 oneribus.
543 1667 657 1699 eodem
682 1677 813 1709 prorsus
845 1668 938 1700 modo

210 1730 274 1762 quo
288 1719 357 1762 ipse
373 1719 638 1761 archiepiscopus
655 1719 863 1751 Bituricensis
878 1719 940 1752 illis

210 1771 335 1813 gavisus
357 1771 461 1809 suerit,
479 1771 521 1803 ita
534 1777 567 1803 ut
590 1771 652 1813 ipsi
670 1771 811 1813 capitulo
829 1771 941 1804 Bituri-

209 1823 298 1855 censi
317 1823 467 1855 damnum
502 1833 538 1855 ex
580 1823 784 1865 separatione
820 1829 851 1855 et
884 1824 942 1856 dis—

209 1875 445 1908 membratione
456 1875 710 1918 supradictarum
725 1886 779 1908 sex
798 1877 942 1909 ecclesia-

209 1938 279 1960 rum
289 1933 455 1970 acceptum
473 1927 677 1960 resarciatur,
863 1956 871 1959 ,γ

254 1981 269 2023 5
292 1980 324 2012 4.
351 1980 567 2012 Decernentes
585 1991 713 2023 quoque
738 1988 939 2024 praesentes,

210 2043 246 2065 ac
280 2033 457 2075 praemissa
488 2033 596 2065 omnia
629 2039 660 2066 et
697 2035 843 2076 singula,
870 2045 941 2066 curn

209 2085 358 2117 omnibus
375 2090 407 2117 et
424 2085 557 2126 singulis
581 2085 657 2118 inde
682 2087 846 2129 ceteroqui
865 2087 943 2127 legi-

210 2137 287 2170 time
312 2137 440 2177 secutis,
467 2137 592 2169 tametsi
617 2138 820 2180 supradictae
846 2140 943 2171 eccle-

210 2191 276 2222 siae
302 2188 513 2222 Bituricensis
539 2194 571 2221 et
595 2190 756 2223 Albiensis
785 2191 850 2223 suis
887 2202 942 2233 pa-

210 2241 351 2274 storibus
376 2241 556 2284 respective
580 2242 726 2275 viduatae
751 2243 815 2275 sint
839 2249 870 2275 ct
895 2244 943 2276 de-

210 2294 411 2326 fensionibus
436 2298 591 2333 careant,
617 2303 676 2326 nec
701 2294 844 2337 desuper
868 2306 944 2338 quo-

209 2356 424 2389 rumcumque
460 2345 619 2377 interesse
660 2345 849 2379 habentium
887 2358 942 2380 seu

247 2426 257 2452 1
280 2425 433 2460 Lagentium
454 2425 559 2452 videtui·
581 2424 656 2452 αῑίὰε
675 2433 722 2460 pro
741 2425 815 2452 alios
832 2427 871 2455 (n.
894 2427 942 2461 τ,).

246 2469 262 2495 2
282 2469 348 2496 Male
364 2469 428 2496 edit.
444 2468 522 2495 lllain.
539 2468 604 2502 legit
621 2476 736 2496 mensae
756 2470 945 2505 archiepisco-

208 2513 288 2550 palis
307 2512 497 2541 Bituricensis
518 2513 554 2548 (n.
566 2512 615 2545 τ.).

795 155 1005 180 lusocnurirs
1025 156 1057 180 Χῖ
1080 156 1129 180 rr.

214 210 247 237 et
279 204 526 248 archiepiscopo
556 204 748 238 Bituricensi
781 214 840 247 pro
867 206 966 236 tem-'

987 203 1106 236 habere
1131 203 1410 246 praetendentium
1425 213 1598 236 consensus
1615 215 1717 236 acees-

986 255 1084 295 serit‚
1110 256 1319 289 nihilominus
1344 267 1474 298 semper
1504 261 1536 288 et
1559 262 1715 298 perpetuo

985 307 1090 339 valida
1107 307 1197 340 firma
1222 314 1253 340 et
1269 308 1411 341 efficacia
1431 308 1568 340 existere
1588 314 1619 340 et
1635 310 1714 344 sore.

986 370 1124 401 suosque
1152 361 1318 402 plenarios
1351 365 1383 393 et
1414 361 1558 402 integros
1585 360 1715 393 etl'ectus

985 411 1094 442 sortiri
1126 417 1158 443 et
1183 413 1356 452 obtinere,
1382 423 1418 445 ac
1442 413 1505 445 illis
1522 412 1540 452 ¹,
1571 413 1609 445 ad
1636 424 1716 455 quos

985 468 1111 505 spectat
1138 469 1170 495 et
1193 475 1252 506 pro
1281 471 1428 507 tempore
1449 465 1717 508 quandocumque

985 515 1157 556 spectabit,
1175 515 1206 547 in
1225 517 1373 549 omnihus
1391 522 1492 559 etper
1517 517 1625 549 omnia
1648 518 1718 560 ple-

985 566 1115 599 nissime
1148 567 1325 609 suffragari,
1342 559 1373 600 et
1398 569 1436 600 ab
1461 570 1506 601 eis
1533 570 1714 612 respective

985 618 1216 652 inviolabiliter
1250 621 1433 660 observari,
1461 622 1569 664 sicque
1595 628 1626 654 et
1650 633 1715 654 non

985 671 1062 703 alias
1079 683 1137 714 per
1153 683 1372 715 quoscumque
1388 674 1511 706 iudices
1532 675 1715 707 ordinarios

985 730 1016 755 et
1027 725 1201 766 delegatos,
1213 725 1321 767 quavis
1332 726 1522 758 auctoritate
1535 727 1715 768 fungentes,

984 777 1106 809 sublata
1123 778 1167 810 eis
1189 783 1220 810 et
1240 788 1350 810 eorum
1377 778 1510 810 cuilibet
1530 779 1637 821 quavis
1662 780 1718 811 ali-

984 834 1034 861 ter
1064 829 1226 862 iudicandi
1253 835 1285 862 et
1309 830 1541 873 interpretandi
1568 831 1716 864 facultate

983 886 1015 913 et
1038 882 1226 914 auctoritate
1243 909 1250 921 ,
1276 883 1412 915 iudicari
1444 888 1476 915 et
1508 883 1635 915 definiri
1662 885 1717 916 de-

982 934 1070 981 bere,
1088 939 1128 974 et,
1149 934 1173 966 si
1189 945 1280 967 secus
1306 946 1403 978 super
1429 936 1478 967 liis
1502 946 1518 967 a
1543 947 1714 978 quoquam,

983 986 1093 1028 quavis
1119 987 1320 1025 auctoritate,
1339 987 1483 1019 scienter
1499 989 1548 1020 vel
1566 988 1717 1029 ignoran-

984 1043 1024 1077 te,
1047 1038 1220 1080 contigerit
1238 1039 1397 1079 attentari,
1418 1040 1545 1072 irritum
1563 1046 1594 1073 et
1618 1041 1714 1073 inane

983 1090 1199 1123 decernimus.

1027 1143 1041 1185 ξ
1066 1143 1096 1174 5.
1123 1143 1190 1176 Non
1217 1145 1420 1176 obstantibus
1448 1145 1652 1187 praemissis,
1680 1153 1908 1204 acmff⁰2¹ii¹0⁰⁰¹¹¹m

1748 1186 1776 1199 ¹⁴u
1793 1189 1803 1199 ss
1839 1195 1844 1200 .

983 1195 1021 1227 de
1047 1195 1116 1228 inre
1147 1198 1292 1238 quaesito
1324 1208 1388 1229 non
1414 1199 1583 1238 tollendo,
1615 1210 1650 1231 ac
1677 1200 1715 1232 dc

983 1248 1155 1280 unionibus
1180 1254 1211 1281 et
1236 1249 1578 1283 disniembrationibus
1603 1262 1716 1294 perpe-

984 1300 1043 1332 tuis
1076 1301 1315 1334 committendis
1352 1303 1389 1334 ad
1426 1309 1555 1345 parteS,
1595 1305 1716 1336 voeatis

983 1363 1117 1395 quorum
1142 1354 1287 1393 interest,
1308 1354 1583 1398 exprimendoque
1603 1356 1633 1387 in
1651 1357 1716 1388 illis

982 1416 1056 1438 vero
1092 1407 1218 1445 valore,
1254 1417 1290 1439 ac
1324 1407 1550 1439 Lateranensis
1582 1408 1715 1441 Concilii

982 1458 1153 1490 novissime
1179 1459 1330 1491 celebrati
1357 1460 1494 1492 uniones
1509 1462 1713 1503 perpetuas²‚

982 1509 1041 1541 nisi
1076 1510 1106 1541 in
1144 1511 1270 1542 casibus
1306 1522 1322 1543 a
1348 1511 1416 1543 iure
1441 1512 1620 1554 permissis,
1646 1513 1716 1545 sieri

982 1562 1204 1604 prohibentis,
1230 1563 1364 1605 aliisque
1397 1564 1597 1605 apostolicis,
1624 1576 1659 1598 ac
1684 1567 1716 1598 in

981 1615 1226 1654 universalibus,
1244 1617 1495 1658 provincialibus
1520 1628 1556 1649 ac
1581 1619 1717 1660 synoda-

983 1667 1066 1700 libus
1101 1668 1245 1700 conciliis
1276 1669 1392 1708 editis,
1423 1670 1632 1711 generalibus
1666 1673 1715 1704 vel

983 1719 1195 1762 specialibus,
1222 1713 1506 1753 constitutionibus
1534 1727 1564 1754 et
1588 1723 1716 1755 ordina-

983 1772 1144 1812 tionibus,
1176 1783 1300 1805 necnon
1338 1774 1570 1814 ecclesiarum,
1606 1775 1716 1807 aliisve

985 1825 1171 1866 quibusvis,
1197 1826 1293 1857 etiarn
1320 1826 1522 1865 iuramento,
1548 1827 1719 1859 confirma-

985 1876 1072 1908 tione
1090 1877 1275 1919 apostoliea,
1293 1878 1342 1909 rel
1361 1878 1472 1919 quavis
1487 1878 1638 1911 firmitate
1656 1880 1719 1912 alia

985 1929 1164 1967 roboratis,
1190 1930 1314 1961 statutis
1348 1936 1379 1961 et
1407 1931 1717 1972 consuetudinibus,

985 1981 1159 2024 privilegiis
1190 1992 1342 2024 quoque,
1377 1982 1508 2014 indultis
1542 1989 1572 2015 et
1603 1984 1719 2016 litteris

985 2034 1180 2076 apostolicis,
1196 2034 1259 2066 illis
1287 2044 1466 2077 eorumque
1492 2036 1697 2077 praesulibus
1712 2063 1719 2077 ,

985 2086 1207 2129 superioribus
1233 2092 1265 2118 et
1289 2087 1462 2129 capitulis,
1489 2088 1547 2119 sub
1581 2088 1717 2130 quibus-

985 2149 1121 2181 cumque
1158 2139 1325 2171 tenoribus
1357 2144 1387 2171 et
1418 2140 1554 2180 formis,
1588 2150 1623 2172 ac
1648 2152 1720 2173 eum

985 2190 1149 2233 quibusvis
1176 2191 1455 2232 derogatoriarum
1481 2192 1717 2234 derogatoriis‚

984 2243 1121 2286 aliisque
1148 2243 1383 2275 efficacioribus
1412 2249 1444 2276 et
1468 2243 1609 2277 insolitis
1635 2246 1721 2277 clau·

984 2295 1075 2335 subs,
1095 2305 1223 2327 necnon
1244 2295 1445 2328 irritantibus
1463 2301 1494 2329 et
1518 2296 1590 2329 aliis
1611 2297 1721 2329 decre-

985 2347 1033 2387 tis,
1051 2357 1109 2390 per
1126 2357 1346 2390 quoscumque
1368 2347 1529 2381 Romanos
1547 2349 1721 2381 Pontifices

1022 2426 1030 2451 1
1056 2425 1120 2452 Male
1137 2425 1200 2452 edit.
1218 2425 1296 2452 lllain.
1313 2426 1377 2461 legit
1391 2427 1457 2454 illos
1477 2429 1513 2458 (u.
1530 2427 1579 2461 τ.).

1019 2469 1034 2494 2
1054 2468 1119 2495 Male
1142 2468 1205 2495 edit.
1222 2469 1292 2495 Main
1325 2470 1389 2506 legit
1404 2474 1580 2507 perpetuae,
1601 2475 1629 2498 ut
1649 2474 1722 2508 patet

985 2521 1016 2541 ex
1037 2515 1163 2540 contextu
1182 2513 1221 2549 (a.
1236 2514 1286 2550 r).

1613 145 1677 179 415
1725 141 1772 183 Ᾰη.
1791 148 1818 183 e.
1839 155 1906 184 1678
