2111 3157
164 192 213 220 An.
236 191 263 220 C.
285 190 352 219 1087
401 182 464 217 738

944 190 1121 215 BULLAlllUM
1147 190 1297 214 noi-rmum

357 242 562 284 leucophaea.
582 241 697 273 Forma
716 240 757 271 sit
774 239 917 271 adinstar
936 244 1029 280 togae
1049 243 1095 270 ta-
1138 238 1257 270 debent
1281 236 1439 278 laminae,
1465 248 1525 271 nec
1558 240 1705 279 amulae,
1732 250 1791 273 nee
1815 239 1877 273 alia

356 295 441 333 laris,
462 295 592 336 cingulo
612 293 698 325 rorci
723 293 806 334 nigri
832 292 870 324 ad
897 292 1032 324 duorum
1051 291 1096 323 di-

357 349 496 391 gitorum
520 347 724 380 latitudinem
749 345 930 378 restrictae.
946 345 1095 377 Cucullus

356 404 418 433 una
451 401 553 438 tertia,
580 405 613 431 ut
640 399 738 438 aiunt,
770 400 864 437 altus,
894 398 1094 430 extremitate

355 455 388 487 in
415 454 543 496 aliquod
580 463 713 484 acumen
739 451 922 484 desinente.
950 452 987 483 Et
1012 452 1095 483 dicta

355 513 429 548 toga
447 506 689 550 quatuordecim
708 506 833 548 palmos
852 505 970 537 habeut
987 505 1018 537 in
1037 505 1095 537 cir-

355 561 451 599 cuitu,
479 565 510 592 et
534 569 629 591 unam
657 558 784 591 tertiam
812 559 843 591 in
869 558 1095 591 manica.C1a-

354 624 422 656 mys
453 613 600 645 eiusdem
638 612 783 654 generis,
823 611 948 644 duabus
989 611 1092 643 tertiis

352 666 482 699 brevior
504 666 586 706 toga.
607 665 713 697 Pileus
733 665 954 707 leucophaeus
972 675 1006 697 ex
1022 665 1094 697 lana

353 719 425 751 rudi
452 723 483 750 et
508 728 578 750 cum
605 717 704 749 limbo
730 718 843 759 grandi
870 717 1022 749 circuitus
1040 717 1093 749 de-

352 782 421 805 cem
448 771 621 813 digitorum
648 771 757 803 subtus
780 770 866 803 corio
893 771 980 802 tenui
999 770 1093 812 nigro

351 824 484 857 inducto
511 830 543 856 et
567 834 639 855 cum
660 823 785 856 duobus
806 823 955 855 funiculis
972 824 1094 866 pendu-

350 878 404 911 lis.
431 877 530 910 Nudis
558 877 665 917 tibiis,
693 882 725 909 et
748 877 886 919 pedibus
911 887 983 910 cum
1016 877 1093 909 solis

352 931 502 974 crepidis,
530 942 609 973 quas
634 932 728 973 vulgo
754 931 920 963 nominant
944 930 1090 973 ramplo·

351 994 422 1023 ηας,
448 984 581 1016 rudibus
607 988 639 1016 ct
663 983 798 1023 crassis,
825 994 860 1015 ac
885 983 957 1015 latis
982 983 1092 1023 soleis,

352 1037 473 1069 adeout
512 1036 641 1068 habitus
674 1036 856 1079 paupertati
894 1041 925 1069 ct
963 1035 1092 1068 ruditati

351 1090 584 1132 respondeant.
608 1088 711 1131 Super
725 1089 807 1120 latus
827 1088 991 1120 sinistrum
1006 1088 1093 1121 chla-

350 1142 454 1185 mydis
468 1141 644 1184 gestabitur
662 1142 693 1173 in
708 1142 826 1174 lamina
841 1142 879 1173 ad
894 1142 994 1174 instar
1012 1142 1092 1174 scuti

350 1196 479 1238 depicta
504 1195 576 1229 lesu
602 1195 720 1228 Christi
747 1195 864 1227 summi
886 1195 963 1227 boni
990 1196 1090 1228 nostri

350 1249 511 1282 nativitas.

393 1303 425 1335 3.
453 1302 553 1335 Vestis
580 1302 716 1335 interior
742 1302 917 1334 convenire
944 1302 1041 1335 debet
1060 1303 1090 1334 in

349 1361 542 1399 paupertate
568 1366 639 1388 cum
670 1356 846 1395 exteriori,
879 1356 1027 1398 quaesito
1059 1356 1090 1388 in

350 1411 406 1442 illa
432 1409 547 1448 nitore,
573 1409 626 1452 qui
652 1409 773 1452 optime
793 1414 898 1451 potest
918 1410 1090 1442 convenire

350 1473 422 1495 cum
448 1468 651 1505 paupertate.
681 1462 802 1494 ldcirco
832 1462 952 1494 nemini
978 1473 1092 1495 conce-

351 1517 444 1548 datur
469 1515 604 1548 induere
631 1515 752 1548 lineum
778 1515 938 1547 indusium
969 1516 1027 1547 nisi
1059 1516 1090 1547 in

350 1569 439 1610 gravi
465 1568 677 1607 necessitate;
706 1579 766 1610 qua
792 1568 845 1610 qui
873 1569 1090 1610 urgebuntur,

351 1621 429 1654 illud
457 1622 538 1652 terre
571 1626 743 1664 poterunt,
767 1631 831 1663 quo
859 1621 1021 1653 duraverit
1047 1621 1091 1653 in-

350 1674 506 1713 firmitas,
529 1684 599 1705 cnm
626 1674 730 1705 l'ratris
758 1673 911 1715 prauil'ceti
946 1674 1086 1705 lit-entia.

350 1727 486 1759 Licitmn
513 1727 573 1759 erit
599 1732 724 1768 gestare
751 1727 890 1758 tunicam
917 1726 1088 1758 multitiam

350 1780 463 1811 rudem
495 1785 525 1811 et
559 1779 749 1822 panniculos
777 1786 919 1821 stupeos.
944 1779 1006 1811 Nec
1033 1779 1088 1811 ulli

350 1833 548 1865 concedatur
567 1833 681 1864 radere
702 1843 760 1865 nec
783 1833 916 1865 tondere
935 1833 1087 1871 liarlia1‘n3

350 1892 505 1929 quantum
532 1886 571 1918 ad
597 1886 698 1925 illam,
722 1897 803 1929 quae
830 1886 925 1918 solita
950 1892 998 1918 est
1019 1897 1089 1918 ere-

350 1940 449 1978 mitis,
477 1938 749 1972 conformabitm·.

394 1993 424 2024 4.
450 1992 574 2024 Debent
600 2003 710 2024 omnes
741 1992 837 2024 unico
872 1993 986 2024 vestitu
1013 2003 1089 2025 con-

351 2046 430 2078 tenti
457 2056 546 2085 esse;
580 2051 610 2077 ct
643 2045 716 2087 quia
742 2056 877 2077 neccsse
914 2046 974 2077 erit
999 2045 1088 2077 illum

350 2104 484 2137 mutare,
512 2099 574 2130 erit
599 2098 629 2129 in
657 2098 809 2140 hospitali
829 2099 918 2130 locus
935 2108 992 2139 pro
1011 2108 1089 2140 ljian-

350 2151 440 2183 naria
459 2151 645 2192 designatus
661 2151 748 2182 uinni
765 2160 884 2192 genere
903 2150 1087 2189 vestituum,

352 2206 466 2247 quibus
493 2205 604 2237 fratres
631 2205 732 2236 nostri
766 2204 913 2246 indigere
939 2208 1087 2247 possunt,

351 2258 541 2297 instructus,
568 2257 684 2299 quibus
709 2268 780 2289 cum
806 2257 961 2289 charitate
989 2262 1019 2290 et
1044 2256 1090 2289 di-

353 2311 483 2352 ligentiz'i
509 2311 570 2343 illis
596 2311 822 2354 providebitur
843 2311 978 2353 singulis
1004 2311 1090 2353 quin-

353 2364 456 2396 decim
482 2364 612 2404 diebus,
648 2370 700 2396 aut
726 2365 821 2397 etiam
846 2370 931 2405 ante,
959 2363 983 2396 si
1011 2375 1091 2407 opus

353 2417 459 2449 suerit.

398 2470 428 2502 5.
457 2470 611 2503 l²2xteriori
643 2471 774 2503 restitus
808 2472 989 2514 paupertati
1019 2481 1093 2503 con-

354 2534 469 2556 sonare
496 2524 592 2555 debet
627 2524 759 2557 int-:rior
788 2524 1008 2557 cubiculorum
1036 2535 1091 2556 seu

353 2577 506 2610 cellarmn
534 2583 715 2619 [drusus-idas.
738 2577 769 2609 ln
797 2578 844 2609 liis
867 2578 1008 2621 permitti
1027 2587 1090 2610 non

1137 291 1282 333 supellex
1319 291 1477 334 exquisita
1510 297 1541 324 et
1567 294 1745 335 superflua,
1770 304 1876 337 neque

1138 343 1262 386 profani
1287 350 1432 384 ornatus,
1451 344 1504 387 qui
1525 355 1681 377 summam
1699 346 1878 380 dedeceant

1138 402 1382 440 paupertatem,
1418 408 1513 440 quam
1550 398 1733 432 observare·
1758 399 1879 433 debent

1139 449 1240 482 nostri
1260 450 1386 482 fratres.
1402 450 1439 482 Et
1453 451 1491 482 ad
1511 451 1704 492 evitandum,
1723 457 1876 495 quantum

1137 501 1208 534 sieri
1234 508 1364 546 potest,
1390 513 1430 535 ne
1456 504 1512 536 illa
1537 503 1762 545 imminuatur,
1784 516 1877 548 prae-

1138 556 1237 588 fectus
1262 556 1445 598 generalis,
1463 557 1650 590 assistentes
1675 563 1707 590 et
1723 559 1877 601 praefecti

1136 608 1169 640 id
1193 614 1342 651 satagent
1365 614 1399 641 ut
1424 620 1536 642 eorum
1561 611 1708 643 cubicula
1728 612 1878 654 exemplo

1137 661 1211 700 sint,
1237 673 1300 705 quo
1325 662 1378 695 alii
1405 662 1573 696 addiscant
1603 663 1820 697 humilitatem
1846 670 1880 698 et

1137 720 1382 758 paupertatem,
1410 727 1489 759 quas
1521 716 1642 749 debent
1675 717 1706 749 in
1731 717 1796 750 suis
1822 718 1878 751 ob-

1137 778 1274 803 servare.
1298 769 1335 801 Et
1360 776 1392 802 ut
1416 769 1471 802 illa
1496 770 1620 802 facilius
1639 780 1877 813 recognoscere

1137 822 1240 865 possit
1272 824 1441 866 superior,
1475 824 1634 856 carebunt
1671 824 1812 857 clavibus
1845 830 1879 858 et

1137 876 1216 908 seris
1241 876 1376 909 ianuae:
1404 877 1483 909 adeo
1515 883 1550 909 ut
1581 878 1684 909 lectus
1721 888 1756 910 ex
1788 877 1877 920 ligno

1882 191 1930 220 An.
1951 192 1981 221 G.
2000 193 2062 226 ¹087

1137 938 1208 960 cum
1234 929 1356 961 duabus
1371 929 1536 962 dumtaxat
1553 929 1723 970 lodicibus,
1739 941 1821 972 quae
1840 931 1877 964 il-
1908 948 1914 952 -

1136 982 1203 1014 lum
1228 982 1438 1024 cooperiant;
1467 992 1567 1014 rmum
1590 982 1740 1025 pulvinar
1758 993 1878 1025 panne-

1136 1045 1208 1074 um;
1235 1045 1299 1067 una
1322 1046 1399 1067 crux
1419 1046 1455 1067 ex
1477 1036 1565 1077 ligno
1590 1035 1681 1075 rudi;
1704 1046 1806 1078 aquae
1831 1037 1877 1069 lu·

1135 1088 1243 1120 stralis
1266 1089 1446 1128 vasculmn3
1473 1088 1650 1121 scabellum
1676 1093 1707 1121 et
1730 1090 1878 1122 mensula

1136 1152 1208 1174 cum
1240 1143 1373 1184 capsula
1405 1142 1528 1185 absque
1562 1141 1664 1182 clavi,
1691 1142 1746 1174 ubi
1777 1153 1878 1176 asser-

1137 1199 1250 1227 ventur
1274 1194 1497 1237 poenitentiae
1528 1194 1765 1236 instrumenta;
1793 1196 1877 1229 liber

1135 1248 1180 1280 De
1204 1252 1384 1291 contemptu
1409 1247 1536 1288 mundi,
1561 1252 1614 1280 aut
1631 1248 1711 1281 alius
1728 1248 1878 1291 spiritua-

1135 1301 1184 1334 lis.
1212 1302 1250 1333 Et
1281 1301 1354 1345 quia
1387 1301 1600 1343 incongruum
1632 1301 1724 1341 soret,
1751 1306 1797 1341 ut,
1822 1303 1876 1345 qui

1135 1355 1267 1387 veniunt
1287 1354 1436 1387 omnibus
1453 1353 1624 1393 inservire,
1644 1354 1803 1387 haberent
1820 1355 1875 1398 qui

1135 1407 1180 1440 eis
1210 1407 1424 1448 inservirent,
1450 1417 1544 1440 nemo
1572 1407 1692 1450 poterit
1720 1408 1875 1452 famulum

1135 1460 1255 1492 babere
1281 1460 1503 1503 peculiariter.

1178 1514 1208 1546 ss.
1229 1514 1385 1546 Poterunt
1406 1514 1532 1546 admitti
1550 1513 1583 1545 in
1600 1514 1736 1547 donatos
1757 1515 1874 1547 horum

1134 1567 1243 1610 aliqui,
1259 1568 1311 1609 qui
1327 1578 1363 1599 cx
1378 1567 1528 1610 quopiam
1544 1566 1626 1599 iusto
1641 1566 1873 1609 impedimento

1135 1620 1348 1651 excludantur
1381 1630 1420 1651 ne
1458 1619 1523 1651 sint
1554 1620 1669 1652 fratres
1702 1619 1872 1660 cucullati;

1134 1673 1187 1715 qui
1215 1678 1361 1704 nostrum
1399 1672 1545 1704 habitum
1580 1672 1718 1705 induent
1750 1673 1873 1715 absque

1132 1726 1272 1765 cucullo,
1300 1731 1331 1757 et
1356 1725 1476 1767 poterit
1501 1725 1684 1767 praefectus
1711 1726 1873 1768 generalis

1133 1781 1193 1810 una
1223 1789 1292 1809 cum
1319 1778 1545 1810 assistentibus
1578 1777 1785 1821 permittere,
1814 1789 1872 1811 seu

1133 1831 1294 1863 licentiam
1316 1831 1514 1869 concedere,
1540 1835 1574 1862 ut
1603 1830 1749 1872 ipsorum
1773 1831 1871 1873 aliqui

1133 1884 1347 1926 profiteantur
1372 1883 1484 1915 eadem
1509 1888 1589 1922 vota,
1617 1893 1699 1925 quae
1724 1883 1872 1926 profiteri

1132 1936 1253 1969 debent
1271 1937 1394 1975 fratres,
1413 1940 1448 1967 ut
1466 1935 1566 1967 maius
1583 1935 1734 1968 meritum
1753 1940 1783 1968 et
1800 1947 1872 1979 per-

1132 1989 1346 2022 s‹;·rerantia1n
1371 1989 1433 2021 hoc
1453 1988 1547 2021 modo
1563 1989 1691 2031 possint
1708 1989 1869 2023 obtinere.

1177 2043 1210 2079 l„
1234 2042 1409 2075 Habebunt
1441 2042 1554 2075 fratres
1587 2042 1730 2085 quotidie
1756 2043 1871 2077 horam

1133 2107 1228 2128 unam
1243 2097 1396 2129 orationis
1412 2096 1558 2128 mentalis
1585 2106 1601 2128 a
1619 2095 1730 2139 quinta
1745 2097 1783 2129 ad
1802 2107 1871 2130 sex-

1134 2156 1195 2182 tum
1222 2150 1422 2187 matutinam,
1445 2149 1673 2183 convenientes
1702 2160 1815 2183 omnes
1832 2151 1872 2183 ad

1132 2214 1305 2246 campanae
1332 2213 1448 2236 sonum
1473 2214 1543 2235 cum
1565 2202 1661 2235 fratre
1688 2203 1870 2246 praesecto,

1133 2267 1203 2288 cum
1222 2267 1285 2299 quo
1312 2255 1458 2299 protinus
1484 2259 1556 2298 post
1581 2255 1763 2288 orationem
1780 2256 1873 2288 ibunt

1134 2320 1246 2342 omnes
1263 2310 1300 2342 ad
1320 2310 1524 2349 verrcndum,
1543 2319 1616 2342 vasa
1640 2309 1869 2352 promendum,

1135 2370 1164 2395 et
1197 2363 1431 2396 valetudinaria
1464 2362 1678 2406 poliendum3
1705 2367 1737 2395 et
1772 2362 1872 2396 finitis

1136 2416 1205 2448 istis
1232 2416 1405 2457 exercitiis,
1426 2416 1560 2448 audient
1580 2415 1710 2448 missam
1727 2415 1765 2448 ad
1791 2414 1872 2448 arbi·

1137 2468 1231 2501 trium
1259 2469 1364 2501 fratris
1390 2469 1558 2512 praelecti.
1585 2468 1703 2501 Diebus
1735 2467 1817 2501 iovis
1842 2474 1873 2500 et

1137 2523 1305 2555 dominicis
1331 2523 1467 2555 cuiusvis
1501 2521 1723 2554 hebdomadae
1751 2531 1873 2554 sacram

1137 2575 1373 2609 Eueliuristium
1399 2580 1528 2609 sument
1553 2584 1666 2608 omnes
1699 2574 1813 2607 fratres
1840 2574 1872 2608 in

1915 2049 1984 2069 Carur
1997 2047 2031 2070 lv.

1908 2075 1937 2095 ne
1959 2075 2061 2095 exer-emis

1881 2102 2063 2149 {tittt‘c'lttiffl'
