2111 3157
184 233 233 259 An.
250 232 278 260 C.
300 232 368 260 1680

414 224 479 258 374

379 283 447 315 nias
471 283 635 316 observari
671 286 802 321 curent;
830 281 854 313 si
879 281 1113 313 monachorum

381 341 412 367 et
436 335 679 368 commissorum
711 333 948 367 admonitiones
980 343 1015 365 ac
1044 343 1114 365 cor-

380 388 539 421 rectiones
557 388 589 419 in
607 387 745 429 capitulo
771 387 935 429 culparum
962 386 1115 428 frequen-

381 445 464 479 tent;
481 441 505 472 si
523 440 554 471 in
580 439 754 482 praedictis
778 438 1113 471 administrationibus

380 498 411 524 et
434 492 689 525 correctionibus
713 491 777 522 sint
811 491 905 523 nimis
930 490 1026 533 rigidi
1061 496 1114 523 aut

381 544 522 584 remissi;
541 544 566 576 si
585 543 739 586 magister
762 543 953 576 novitiorum
978 543 1114 586 diligen-

380 603 428 629 ter
451 597 590 629 novitios
615 607 689 629 suos
724 597 863 629 instruat
898 596 929 628 in
965 596 1111 629 oratione

378 650 530 689 mentali,
557 650 589 682 in
615 649 839 693 spiritualibus
864 649 1044 688 exercitiis,
1079 649 1111 681 in

377 702 588 735 caeremoniis
613 702 894 744 Congregafionis,
921 702 952 733 in
978 700 1119 744 compo—‘

376 754 492 787 sitione
512 759 574 786 tam
599 754 762 786 interioris
782 754 924 786 hominis
943 763 1037 796 quam
1058 763 1110 785 ex-

376 807 522 848 terioris;
548 817 674 840 necnon
701 807 726 839 si
759 817 814 839 eos
843 806 874 838 in
899 805 1015 838 vilibus
1041 816 1110 838 ser-

374 859 460 892 vitiis
485 865 655 900 exerceat,
689 864 721 892 et
744 859 776 891 in
801 859 872 892 aliis
901 858 1106 898 huiusmodi,

374 922 456 954 quae
480 913 514 944 in
538 913 650 955 regula
682 917 713 945 et
743 911 1027 945 constitutionibus
1051 921 1109 944 no-

373 965 447 998 stris
472 965 689 998 continentur.

416 1027 459 1050 ix.
486 1017 654 1060 Inquirant
669 1023 841 1060 praeterea
859 1018 897 1050 de
915 1017 1104 1058 idoneitate,

372 1075 404 1102 et
428 1070 669 1103 conditionibus
695 1071 898 1111 novitiorum,
914 1081 949 1103 ac
966 1071 1062 1103 etiam
1080 1070 1105 1102 si

371 1122 403 1154 iu
429 1133 539 1155 eorum
564 1123 752 1166 receptione
778 1123 992 1156 observentur
1012 1134 1106 1166 prae-

371 1180 463 1218 cepta
485 1177 613 1219 regulae
642 1182 673 1210 et
693 1177 959 1209 constitutiomun
984 1182 1106 1209 nostra-

370 1237 451 1268 rum,
473 1233 504 1260 et
528 1229 553 1261 si
579 1228 777 1272 recipiantur
800 1230 839 1262 ad
864 1230 1103 1272 professionem

369 1282 546 1314 secundum
583 1282 751 1325 privilegia
786 1288 921 1322 nostra·,
947 1284 1102 1323 ulterius,

370 1333 456 1375 quod
482 1334 681 1376 recipiantur
713 1335 750 1367 de
775 1345 932 1368 consensu
971 1336 1104 1369 duarum

370 1396 407 1418 ex
432 1385 534 1418 tribus
559 1387 705 1429 partibus
731 1394 927 1427 conventus,
961 1394 993 1421 et
1017 1390 1103 1431 quod

368 1438 582 1481 profiteantur
616 1439 647 1472 in
684 1441 833 1473 manibus
866 1442 915 1473 vel
948 1441 978 1473 in
1012 1452 1105 1484 prae-

367 1491 472 1524 sentia
496 1493 632 1534 praelati
657 1495 717 1526 sub
743 1494 1000 1537 Congregatione
1017 1495 1104 1528 iuxta

368 1543 503 1577 sormam
528 1546 622 1578 nobis
646 1547 808 1579 usitatam.

410 1608 441 1631 x.
458 1598 663 1642 interrogent
677 1600 772 1632 etiam
791 1601 893 1643 ipsum
910 1601 1101 1643 praelatum,

367 1651 391 1683 si
418 1651 449 1683 in
475 1652 752 1685 administratione
779 1652 1006 1696 temporalium
1037 1654 1102 1687 cel-

366 1704 502 1737 lerarius
528 1716 620 1737 suum
642 1711 795 1748 sequatur
811 1707 980 1739 consilium
1000 1712 1032 1739 et
1049 1718 1103 1740 vo-

365 1757 541 1798 luntatem;
568 1758 592 1790 si
618 1759 739 1791 nostris
773 1759 941 1801 potissime
968 1759 1101 1791 infirmis

365 1811 551 1843 necessaria
586 1811 762 1850 ministret3
790 1812 815 1843 si
843 1816 904 1844 tam
938 1812 969 1843 in
994 1813 1101 1844 verbis

365 1873 461 1905 quam
487 1863 519 1896 in
544 1864 633 1896 sactis
667 1870 698 1896 ct
723 1864 838 1897 ceteris
870 1865 1014 1897 moribus
1044 1876 1100 1898 eos
1121 1879 1123 1900 ι’

364 1915 525 1957 aedificet,
548 1922 579 1949 ct
602 1927 673 1949 eum
700 1917 917 1950 saecularibus
936 1918 977 1949 sit
997 1928 1101 1951 exem-

364 1968 483 2012 plaris·,
501 1969 525 2001 si
544 1969 735 2013 temporalia
755 1971 942 2003 monasterii
964 1971 1100 2013 diligen·
1121 1991 1122 1994 =

363 2027 414 2054 ter
431 2021 653 2062 administret;
675 2034 714 2055 an
740 2029 892 2065 procuret
919 2028 953 2055 ut
977 2034 1099 2067 posses

363 2074 472 2107 siones
504 2085 521 2107 a
546 2075 672 2108 colonis
706 2075 771 2107 siut
802 2076 868 2108 suis
900 2077 1098 2120 temporibus

364 2128 479 2168 cultae,
497 2129 730 2171 arboribusque
757 2129 909 2169 consitae,
928 2140 964 2162 ac
983 2130 1098 2163 celeris

363 2181 402 2213 ad
419 2182 576 2215 culturam
598 2182 786 2215 necessariis
803 2183 1031 2216 convenienter
1051 2183 1099 2216 in—

362 2237 516 2275 structae;
542 2234 568 2266 si
604 2234 706 2267 libros
742 2240 965 2278 computorum
990 2245 1026 2268 ac
1050 2246 1097 2268 ra-

360 2286 487 2318 tionum
512 2287 698 2320 monasterii
716 2288 765 2320 sui
787 2293 895 2321 teneat
919 2288 1096 2329 ordinatos,

361 2338 386 2370 si
411 2338 625 2372 instrumenta
656 2344 688 2372 et
719 2340 781 2373 alia
814 2341 1004 2373 monasterii
1030 2341 1096 2374 iura

361 2391 536 2434 diligenter
554 2393 737 2425 conservari
754 2399 923 2437 procuret;
943 2394 969 2426 si
990 2393 1098 2428 inven-

360 2444 475 2477 tarium
512 2445 655 2477 omnium
686 2456 795 2479 rerum
830 2446 999 2479 mobilium
1022 2457 1094 2479 mo-

359 2495 491 2529 nasterii
517 2502 549 2529 et
573 2497 785 2531 immobilium
811 2499 950 2539 liabeat;
977 2499 1002 2532 si
1028 2499 1097 2532 aliis

359 2548 553 2582 officialibus
573 2561 591 2583 a
625 2551 793 2583 cellerario
819 2551 1093 2594 dependentibus,

358 2601 443 2636 intus
461 2607 492 2636 ct
509 2608 597 2636 extra
620 2604 866 2644 monasterium,
887 2614 932 2645 ea,
948 2614 1028 2647 quae
1056 2604 1094 2637 ad
1115 2639 1118 2649 ⁵

960 233 1139 257 BULLARlUM
1162 233 1314 258 ROMANUM

1157 291 1268 314 eorum
1294 281 1435 315 officium
1460 289 1625 326 spectant,
1656 295 1717 328 per
1748 285 1895 319 inventa-

1156 333 1239 366 rium
1265 340 1416 367 accurate
1440 336 1622 378 consignet,
1644 343 1676 370 et
1690 337 1730 369 ab
1747 338 1825 381 ipsis
1842 349 1893 371 ex-

1156 387 1241 428 pleta
1266 387 1544 421 administratione
1576 389 1735 432 integram
1760 395 1792 423 et
1814 390 1893 424 fide-

1156 440 1219 471 lem
1251 439 1356 482 exigat
1391 440 1569 481 rationem;
1595 452 1635 474 an
1666 442 1734 485 ipse
1759 445 1892 485 praela-

1156 495 1206 523 tus
1226 491 1350 531 viderit,
1370 493 1578 537 praescriptis
1600 495 1810 537 temporibuS,
1827 498 1892 530 una

1155 552 1226 575 cum
1245 543 1430 577 senioribus
1451 551 1604 588 computa
1623 547 1810 579 monasterii
1829 548 1889 589 sui,

1154 600 1251 637 prout
1267 595 1453 629 decernitur
1470 597 1503 629 in
1522 598 1734 632 declaratorio
1759 601 1890 642 regulae

1154 657 1223 691 cap.
1250 658 1340 689 xxx1;
1361 654 1392 682 et
1409 650 1435 682 si
1454 651 1684 684 monasterium
1702 657 1751 684 est
1771 652 1888 686 debitis

1153 705 1381 742 aggravatum,
1405 702 1438 734 in
1468 705 1530 744 qua
1554 705 1679 736 summa
1696 730 1703 744 ,
1734 710 1765 737 et
1790 715 1887 748 quem

1153 751 1272 784 habeat
1310 753 1529 787 satisfaciendi
1567 756 1711 789 modum.
1751 757 1889 801 Propter

1152 804 1237 846 quod
1263 806 1413 838 volumus
1437 812 1472 838 ut
1488 807 1670 841 visitatores
1687 815 1759 842 ante
1780 820 1888 844 reces-

1151 867 1221 890 sum
1239 858 1410 901 diligenter
1437 859 1568 892 videant
1592 867 1744 904 computa
1765 862 1888 897 debito-

1147 919 1221 943 rum
1246 916 1278 943 et
1301 911 1501 945 creditorum
1526 914 1728 955 monasterii,
1758 925 1887 949 necnon

1149 962 1345 1004 reddituum,
1372 969 1404 997 et
1431 975 1598 1008 expensas.
1628 965 1719 1004 Quod
1746 967 1771 1001 si
1799 968 1887 1002 vide-

1149 1013 1213 1047 rint
1223 1016 1453 1050 monasterium
1465 1018 1654 1052 notabiliter
1667 1026 1886 1062 aggravatum,

1150 1066 1234 1100 iuxta
1265 1079 1377 1102 eorum
1412 1071 1669 1113 providentiam,
1702 1079 1886 1116 opportuna

1149 1121 1294 1154 remedia
1317 1122 1504 1156 adhibeant.

1192 1185 1236 1208 xi.
1262 1176 1430 1220 inquirant
1447 1177 1554 1218 etiam,
1577 1178 1602 1211 si
1620 1180 1674 1222 qui
1691 1180 1756 1213 sint
1774 1191 1885 1215 mona·

1148 1227 1212 1267 clii,
1231 1228 1303 1268 sibi,
1324 1234 1378 1261 aut
1402 1229 1473 1261 aliis
1489 1230 1715 1272 superioribus
1733 1234 1882 1273 rebelles,

1148 1286 1203 1312 aut
1218 1281 1458 1322 inobedientes,
1478 1282 1503 1314 si
1520 1282 1646 1323 vitiosi,
1661 1283 1687 1316 si
1703 1285 1883 1327 sandalosi,

1148 1332 1174 1363 si
1199 1333 1422 1375 proprietarii,
1443 1333 1468 1366 si
1486 1341 1682 1368 mercaturae
1708 1341 1740 1368 et
1762 1336 1885 1370 illicitis

1148 1386 1426 1428 negociationibus
1451 1388 1570 1429 dediti;
1598 1394 1629 1421 et
1652 1389 1677 1420 si
1703 1400 1799 1432 quem
1824 1401 1889 1433 per·

1147 1443 1216 1470 acta
1240 1438 1467 1480 visitationum,
1492 1441 1525 1472 in
1550 1441 1667 1484 quibus
1693 1443 1884 1485 proceditur

1147 1501 1205 1533 per
1222 1492 1301 1524 viam
1320 1493 1540 1535 inquisitionis
1555 1494 1724 1535 generalis,
1740 1496 1779 1528 de
1793 1506 1889 1539 prae--

1147 1543 1238 1576 dictis
1264 1545 1392 1578 notorie
1418 1551 1604 1588 suspectum
1629 1552 1661 1579 et
1685 1547 1885 1582 diffamatum

1147 1596 1337 1637 invenerint,
1359 1602 1436 1631 tune
1461 1598 1642 1631 visitatores
1657 1626 1664 1639 ,
1690 1600 1890 1635 habita‘tali‘.

1146 1649 1270 1689 notitia,
1300 1650 1326 1682 si
1353 1651 1415 1683 alio
1440 1651 1668 1693 opportuniori
1694 1653 1791 1686 modo
1816 1664 1894 1694 non.

1146 1707 1291 1744 possunt,
1309 1703 1438 1743 debent,
1457 1704 1631 1746 specialem
1647 1711 1761 1738 contra
1777 1706 1890 1749 ipsunt·

1145 1755 1344 1788 instituendo
1369 1756 1621 1799 inquisitionem,
1648 1758 1778 1801 praevio
1798 1759 1891 1792 iura-—

1144 1813 1266 1847 mento,
1284 1813 1382 1841 testes
1400 1809 1594 1850 examinare,
1621 1817 1651 1844 et
1674 1821 1884 1856 processum„

1145 1872 1208 1893 non
1233 1872 1292 1904 per
1315 1862 1421 1904 apices
1454 1861 1551 1901 iuris,
1583 1863 1639 1895 sed
1671 1864 1881 1907 simpliciter,

1144 1915 1330 1955 summarie,
1350 1916 1389 1948 de
1409 1916 1526 1958 plano,
1558 1917 1627 1948 sola
1652 1917 1725 1949 sacti
1750 1917 1883 1951 veritate

1144 1969 1298 2011 inspecta,
1316 1969 1464 2008 formare,
1484 1968 1618 2001 servatis
1645 1969 1684 2002 de
1710 1975 1820 2003 cetero
1844 1970 1883 2004 iis

1144 2033 1225 2065 quae
1251 2027 1326 2054 sunt
1340 2021 1527 2054 essentialia
1541 2021 1661 2062 iudicii,
1678 2028 1714 2055 ut
1731 2028 1813 2064 sunt,
1828 2034 1884 2057 au-

1144 2075 1212 2107 dire
1234 2074 1436 2107 defensiones
1461 2074 1521 2115 rei,
1551 2080 1583 2108 et
1607 2075 1714 2109 citatio
1738 2076 1778 2109 ad
1809 2086 1884 2109 sen-

1144 2127 1287 2160 tentiam.
1314 2126 1405 2165 Quod
1434 2127 1520 2160 idem
1545 2127 1577 2159 in
1603 2127 1752 2161 omnibus
1777 2128 1883 2162 causis

1143 2179 1366 2213 criminalibus
1405 2179 1437 2212 in
1477 2179 1736 2222 Congregatione
1771 2182 1884 2214 nostra

1120 2238 1121 2255 ³
1142 2233 1332 2266 servandum
1355 2232 1429 2273 erit,
1456 2232 1521 2265 sive
1546 2242 1604 2275 per
1635 2232 1719 2265 viam
1744 2233 1882 2276 inquisi-

1143 2286 1240 2319 tionis
1264 2285 1424 2329 spccialis,
1447 2285 1512 2318 sive
1538 2285 1810 2327 denunciationis,
1828 2291 1884 2320 aut

1142 2338 1357 2372 accusationis
1382 2338 1589 2381 procedatur.

1183 2402 1241 2425 xil.
1269 2391 1443 2424 Praeterea
1467 2390 1642 2433 inquirant,
1667 2390 1695 2423 si
1720 2401 1776 2431 ea,
1798 2401 1880 2434 quae

1140 2455 1198 2487 per
1216 2445 1398 2478 visitatores
1424 2448 1477 2476 aut
1496 2444 1723 2487 praecedentia
1738 2444 1881 2487 capitula

1141 2497 1261 2530 suerint
1274 2498 1422 2531 ordinata
1440 2498 1614 2540 (quantum
1631 2497 1754 2530 scilicet
1766 2497 1805 2530 ad
1821 2507 1881 2530 eos

1139 2550 1311 2594 pertinet),
1337 2556 1488 2584 accurate
1514 2551 1743 2591 observentur,
1770 2550 1796 2583 si
1829 2560 1880 2583 re-

1139 2604 1257 2647 gularis
1290 2605 1494 2639 observantia
1524 2605 1556 2638 in
1580 2615 1639 2638 suo
1666 2604 1775 2647 vigore
1801 2613 1883 2638 con-

1898 237 1949 264 An.
1969 236 2000 264 C.
2017 238 2085 265 1680
