2111 3157
9 218 58 246 An.
78 217 96 242 C
124 217 192 244 ,⁸684

774 216 985 240 mummius
1007 216 1035 239 xt
1061 215 1109 239 ΓΡ.

241 278 298 301 xu.
324 267 362 300 Ut
379 267 516 310 quilibet
540 265 701 299 districtus
733 265 893 298 decanalis
911 275 927 296 a

199 320 406 362 corruptione
437 320 641 358 defectuum,
667 318 722 361 qui
752 317 927 361 paulatim,

197 371 259 405 nisi
285 372 444 414 vigiletur,
463 376 678 410 succrescunt,
698 375 822 403 mature
847 380 927 402 sem-

197 434 257 467 per
281 429 500 467 expurgetur,
525 423 762 457 observandum
787 422 867 461 erit,
892 426 927 453 ut

197 486 264 510 non
291 482 410 509 tantum
434 476 570 519 singulis
594 475 741 512 octiduis‚
767 480 853 507 certo
878 474 927 507 de-

197 528 371 562 terminato
396 528 447 562 die
462 555 470 568 ‚
494 529 526 561 in
551 527 663 571 quovis
686 527 757 560 loco
781 526 923 569 particu-

196 581 276 621 lari,
302 581 501 624 colloquium
536 580 667 623 aliquod
704 578 926 612 constitutioni

194 643 254 667 xtv
277 634 475 667 sacerdotum
496 633 704 666 conformiter
723 631 925 670 instituatur;

195 696 307 720 verum
331 686 425 720 etiam
460 678 496 718 ui.
519 685 654 727 singulis
679 683 843 716 mensibus
860 710 867 722 ‚
894 682 927 714 si-

194 738 262 772 nito
298 738 483 782 supradicto
517 737 710 771 scholastico
747 736 927 769 studiorum

195 791 370 831 exercitio,
405 791 613 834 priusquam,
646 790 702 833 qui
738 794 926 832 praesentes

195 848 300 882 erunt,
325 843 454 882 domum
478 847 635 885 repetant,
661 841 693 874 in
719 840 813 874 domo
839 841 926 877 deca·

193 895 257 928 nali
293 895 388 928 simili
417 894 512 928 modo
545 894 703 937 quoddam
728 893 926 935 colloquium

194 958 230 980 ac
253 947 454 980 conferentia
482 947 659 989 spiritualis
692 956 751 989 pro
781 951 846 979 toto
871 945 926 977 di—

194 1000 309 1033 strictu
341 1000 487 1033 dccanali
522 999 723 1039 instituatur,
757 1008 857 1042 eaque
892 999 923 1032 in

193 1053 335 1086 medium
359 1053 575 1095 proferantur,
597 1062 677 1095 quae
697 1052 737 1085 ad
761 1062 925 1085 conserva-

193 1106 317 1139 tionem
334 1106 438 1139 bonae
459 1105 650 1148 disciplinae
671 1110 702 1138 et
717 1104 925 1148 perfectionis

192 1159 431 1192 incrementum
447 1157 479 1190 in
494 1158 628 1191 Domino
648 1157 857 1191 videbuntur:
874 1168 925 1200 pa-

192 1211 283 1245 rochi
305 1216 337 1244 et
361 1209 545 1244 beneficiati
571 1210 623 1243 alii
649 1220 686 1243 ex
720 1210 804 1244 dicto
828 1210 925 1243 collo-

194 1263 269 1307 quio
294 1264 425 1297 domum
450 1263 591 1303 reversi,
616 1262 754 1296 fideliter
784 1273 821 1295 ea
845 1273 926 1295 exe-

193 1316 314 1351 cutioni
328 1316 523 1349 demandare
540 1321 692 1358 satagant,
711 1326 791 1358 quae
809 1315 840 1347 in
856 1325 926 1358 par-

192 1369 319 1402 ticulari
343 1368 429 1412 ipsos
449 1368 622 1411 attingunt.

27 1429 184 1457 onmuuperio-
235 1431 306 1455 x111.
332 1420 371 1454 Ut
405 1419 627 1453 substantialia
659 1419 755 1452 huius
788 1419 925 1452 instituti

1 1457 58 1477 vibus
68 1457 125 1477 eirca
135 1458 184 1478 sub·

1 1483 108 1503 naniam
122 1483 183 1504 nun„
193 1478 324 1517 puncta,
344 1482 425 1517 quae
440 1477 513 1506 sunt
526 1472 741 1506 communitas
753 1472 923 1512 bonorum,

4 1509 91 1529 instituti
107 1513 184 1535 puncta

1 1538 28 1555 ..ι
41 1535 147 1556 senarium
162 1538 183 1557 ιι
193 1526 390 1560 cohabitatio
404 1525 553 1564 fraterna,
567 1525 726 1568 separatio
743 1525 923 1563 mulierum,

1 1562 161 1583 annotandum.

193 1583 225 1612 et
249 1578 435 1611 obedientia
450 1587 527 1620 erga
544 1577 728 1620 superiores
744 1577 926 1621 praesentis

192 1631 350 1665 clericalis
372 1631 530 1671 instituti,
554 1630 702 1664 omnihus
727 1631 926 1664 sufficienter

191 1684 411 1724 innotescant,
430 1684 615 1727 superiores
637 1685 828 1718 eorumdem
847 1695 922 1727 pra-

192 1737 306 1771 cticam
329 1737 474 1771 notitiam
492 1737 639 1780 perfecto
663 1738 803 1780 quodam
829 1738 924 1772 modo

191 1789 315 1823 habere
341 1794 487 1833 oportet,
506 1794 539 1822 ut
565 1798 676 1822 omnes
700 1790 784 1823 circa
812 1790 925 1824 eadem

191 1845 255 1875 tam
279 1852 337 1885 per
371 1853 405 1876 se
439 1852 536 1886 quam
572 1852 630 1885 per
664 1843 744 1875 alias
767 1852 925 1885 personas

190 1894 325 1931 idoneas
357 1900 443 1928 recte
475 1895 650 1931 informare
676 1895 794 1935 sciant,
822 1897 924 1938 eaque

190 1947 305 1980 notitia
325 1947 526 1990 praehabita,
544 1947 584 1982 ad
602 1947 792 1982 eorumdem
817 1947 926 1982 obser-

189 2000 329 2033 vantiam
353 1999 463 2034 sedulo
480 1999 645 2033 inducant.
672 1999 840 2034 Praedicta
856 2001 926 2034 sub·

190 2052 352 2086 stantialia
367 2058 494 2096 puncta,
510 2052 588 2086 nec¹
606 2062 738 2096 praeses
752 2053 926 2097 generalis,

190 2114 251 2138 nec
273 2110 451 2138 conventus
476 2103 739 2148 qualiscumque,
770 2106 837 2139 ullo
868 2115 926 2138 un-

191 2167 287 2200 quam
312 2162 480 2200 tempore,
508 2156 679 2190 immutare
704 2162 759 2190 aut
781 2159 925 2191 relaxare

190 2209 320 2252 poterit,
337 2219 410 2243 cum
426 2209 490 2242 sint
513 2209 611 2242 veluti
637 2209 786 2244 cardines
804 2220 839 2244 ac
856 2211 925 2243 fun-

192 2261 351 2303 damenta,
371 2273 430 2306 per
450 2271 541 2306 quae,
559 2262 656 2295 veluti
681 2271 741 2307 per
764 2264 925 2307 quosdam

191 2320 298 2349 vectes
322 2315 355 2349 in
379 2326 412 2349 se
436 2315 635 2349 sufficienter
658 2316 807 2356 munitos,
834 2327 926 2360 prae-

192 2377 267 2401 sens
298 2367 481 2401 institutum
511 2367 632 2410 absque
658 2367 868 2402 dissolutione
892 2369 926 2403 in

193 2420 402 2464 generatione
437 2425 470 2454 et
504 2419 747 2463 generationem
781 2431 840 2465 per
869 2422 925 2456 Dei

193 2473 330 2514 gratiam
355 2472 520 2507 subsistat.

236 2534 300 2559 xiv.
324 2524 365 2558 Ut
387 2535 465 2559 vero
488 2525 656 2570 praedicta
674 2525 770 2560 huius
787 2525 926 2560 instituti

230 2586 243 2614 1
264 2585 334 2614 Edit.
354 2585 434 2616 Maia,
452 2587 518 2624 legit
536 2595 571 2614 ne
589 2589 627 2622 (n.
641 2588 691 2622 T.)-

970 268 1088 305 puncta
1107 263 1329 296 substantialia
1346 267 1434 296 tanto
1450 262 1569 296 certius
1588 262 1700 295 incon-

969 326 1061 348 cussa
1078 326 1207 359 semper
1224 321 1384 356 maneant,
1403 326 1513 349 omnes
1533 319 1566 348 et
1581 315 1700 359 singuli

969 368 1053 401 dicto
1077 368 1221 402 instituto
1246 379 1315 402 sese
1340 379 1516 411 aggregare
1536 369 1698 409 volentes,

968 420 1021 453 illa
1038 420 1215 454 iuramento
1237 421 1418 461 firmabunt,
1438 423 1475 455 ea
1495 421 1620 453 iurandi
1639 421 1702 453 for-

969 472 1053 504 mula
1065 499 1072 512 ,
1089 481 1168 515 quae
1187 473 1323 505 habetur
1337 483 1434 516 supra
1451 473 1483 506 in
1500 473 1701 506 constitutio-

969 525 1064 557 nibus
1078 525 1115 558 de
1127 525 1306 558 directione
1321 525 1494 558 iuventutis
1510 535 1599 558 num.
1613 536 1701 564 ani,

968 576 995 608 vi
1010 576 1098 609 cuius
1115 587 1226 610 omnes
1244 584 1275 610 et
1294 577 1413 620 singuli
1426 578 1621 620 obligantur,
1636 587 1700 610 non

968 628 1097 671 quidem
1111 630 1149 662 ad
1163 630 1376 672 particulares
1393 629 1551 663 dictorum
1565 635 1702 672 puncto-

970 690 1038 712 rum
1064 686 1167 721 actus,
1195 681 1290 720 itaut,
1317 681 1443 724 quoties
1471 682 1587 725 aliquis
1611 683 1703 725 quip-

969 733 1052 775 piam
1067 739 1177 765 contra
1191 733 1245 766 illa
1257 734 1307 766 vel
1322 734 1447 768 illorum
1462 734 1590 777 aliquod
1604 735 1703 768 admi-

969 785 1063 822 serit,
1087 785 1234 828 periurus
1259 786 1329 818 sieri
1354 787 1535 819 censendus
1559 787 1618 827 sit,
1644 788 1701 821 sed

968 837 1069 870 solum
1090 839 1128 870 ad
1149 843 1333 871 constanter
1353 838 1386 870 in
1402 838 1465 871 hoc
1481 838 1647 878 instituto,
1667 839 1698 871 in

969 899 1030 931 quo
1045 890 1206 932 praedicta
1219 896 1356 933 quatuor
1368 896 1488 934 puncta
1502 891 1702 924 observanda

969 936 1060 982 sunt,
1080 953 1180 985 usquc
1197 943 1236 975 ad
1258 948 1392 976 mortem
1409 944 1681 986 perseverandum
1694 971 1701 985 ,

968 994 1010 1026 ita
1036 1000 1069 1027 ut
1093 995 1179 1027 iuxta
1203 995 1468 1029 constitutionem
1492 1006 1563 1030 va1
1596 1007 1702 1030 sacer-

968 1047 1079 1080 dotum
1103 1047 1157 1080 ille
1183 1048 1268 1080 solus
1293 1048 1443 1091 periurus
1475 1048 1545 1081 lieri
1577 1050 1701 1083 censeri

972 1099 1103 1139 debeat,
1130 1100 1185 1143 qui
1213 1101 1345 1144 proprio
1369 1106 1459 1133 motu
1484 1112 1518 1134 se
1543 1102 1581 1134 ab
1606 1102 1701 1135 huius

966 1152 1122 1185 clericalis
1148 1152 1231 1186 vitae
1251 1158 1283 1185 et
1299 1152 1488 1195 disciplinae
1505 1158 1587 1186 statu
1608 1164 1701 1197 sepa-

967 1207 1096 1239 raverit.

1011 1270 1059 1292 xv.
1086 1259 1260 1292 Censentur
1276 1263 1383 1291 autem
1406 1263 1497 1292 motu
1517 1259 1650 1302 proprio
1667 1270 1702 1293 se

967 1313 1005 1345 ab
1030 1312 1175 1344 instituto
1200 1321 1361 1355 separare,
1387 1311 1441 1354 qui
1465 1311 1534 1345 sine
1558 1311 1701 1354 legitima

967 1364 1138 1397 iuramenti
1169 1363 1217 1397 sui
1250 1364 1332 1397 facta
1365 1363 1563 1397 relaxatione
1600 1364 1701 1398 disce-

968 1417 1065 1457 dunt,
1093 1422 1147 1449 aut
1175 1416 1282 1449 verbis
1307 1414 1466 1459 factisque
1492 1416 1524 1448 in
1549 1416 1698 1450 instituto

968 1470 1120 1513 deinceps
1153 1470 1261 1502 vivere
1297 1469 1496 1508 detrectant,
1527 1469 1571 1502 uti
1602 1469 1699 1502 etiam

967 1522 1019 1565 qui
1045 1532 1104 1564 per
1121 1522 1343 1564 frequentatos
1360 1527 1450 1554 actus
1469 1520 1609 1564 graviter
1626 1532 1702 1555 con-

969 1580 1015 1608 tra
1038 1575 1222 1618 supradicta
1246 1574 1469 1608 substantialia
1484 1575 1652 1615 excedunt,
1670 1580 1703 1608 et

968 1628 1098 1670 praevia
1123 1627 1207 1660 trina
1230 1627 1418 1667 monitione,
1444 1626 1590 1670 praefixo
1608 1637 1625 1660 a
1649 1638 1702 1660 su-

967 1691 1079 1722 premo
1107 1680 1202 1713 huius
1227 1679 1365 1713 instituti
1390 1680 1537 1723 praeside
1562 1679 1700 1713 termino

967 1733 1208 1776 peremptorio,
1234 1733 1336 1776 quod,
1362 1733 1424 1765 nisi
1449 1732 1620 1765 monitioni
1646 1743 1701 1776 pa-

967 1791 1068 1826 reant,
1092 1785 1132 1819 ab
1156 1786 1302 1819 instituto
1327 1785 1499 1828 separandi
1525 1785 1598 1825 sint,
1623 1785 1700 1818 siin

967 1840 1166 1874 contumacia
1189 1844 1407 1883 perseverant,
1426 1837 1433 1855 ¹
1453 1839 1532 1872 tales
1557 1838 1644 1871 enim
1667 1848 1702 1872 se

966 1893 1053 1936 ipsos
1072 1903 1130 1927 suo
1147 1893 1232 1926 facto
1252 1893 1295 1926 ob
1314 1891 1627 1934 incorrigibilitatem
1652 1901 1702 1924 se-

966 1954 1080 1988 parare
1101 1945 1256 1979 censendi
1270 1949 1354 1978 sunt.
1374 1944 1462 1977 Licet
1477 1943 1530 1977 hic
1546 1954 1639 1977 casus
1656 1943 1701 1977 ibi

967 2004 998 2031 et
1011 2004 1077 2032 tum
1090 1999 1192 2032 solum
1206 1997 1352 2031 accidere
1369 1996 1481 2040 possit,
1496 1997 1624 2040 quando
1641 1996 1703 2030 alia

966 2052 1047 2085 ratio
1062 2051 1304 2094 delinquentem
1318 2050 1358 2083 ad
1379 2050 1550 2083 meliorem
1575 2049 1701 2093 frugem

966 2104 1126 2138 beneficio
1144 2104 1259 2137 domus
1277 2103 1495 2143 emeritorum,
1509 2103 1559 2136 vel
1573 2102 1635 2135 alia
1652 2102 1703 2135 via

1598 204 1663 238 543
1708 213 1757 238 Α...
1776 212 1801 238 c.
1829 214 1892 242 icet

967 2156 1142 2191 reducendi
1159 2161 1190 2189 et
1206 2155 1394 2190 scandalum
1410 2154 1546 2188 tollendi
1564 2164 1623 2198 pro
1640 2154 1702 2188 isto
1723 2198 1730 2206 ,-

967 2215 1114 2254 tempore
1139 2209 1286 2242 instituto
1310 2217 1378 2241 non
1402 2206 1609 2251 suppetierit.

1009 2273 1074 2297 xv1.
1100 2262 1188 2296 Finis
1207 2260 1445 2295 communitatis
1463 2261 1624 2294 honorum
1650 2264 1703 2294 est

966 2320 1001 2348 ut
1033 2326 1051 2349 a
1082 2314 1208 2348 clericis
1232 2314 1326 2346 huius
1351 2313 1488 2346 instituti
1513 2313 1639 2353 omnia,
1664 2324 1701 2347 ex

967 2367 1134 2401 beneficiis
1166 2366 1391 2400 ecclesiasticis
1423 2371 1455 2399 et
1484 2366 1703 2400 functionibus

968 2420 1221 2463 quibuscumque
1234 2418 1474 2462 provenientia,
1485 2418 1517 2452 in
1531 2428 1607 2452 usus
1621 2418 1702 2462 pios,

967 2473 1193 2516 Ecclesiaeque
1217 2472 1273 2505 Dei
1297 2472 1475 2512 salutares,
1499 2482 1536 2505 ac
1559 2472 1702 2514 praefixo

969 2536 1067 2569 scopo
1092 2525 1187 2557 huius
1212 2524 1348 2557 instituti
1373 2524 1618 2564 convenientes,
1646 2523 1703 2556 de-

1004 2588 1016 2616 1
1034 2588 1134 2615 Deesse
1154 2586 1259 2616 videtur
1278 2586 1374 2622 reipsa
1392 2587 1582 2622 semiramiam
1596 2584 1634 2620 (n.
1651 2583 1700 2620 T.)-

1737 2266 1768 2287 De
1780 2255 1895 2290 eommuni-

1712 2295 1754 2314 tate
1763 2293 1866 2322 bonorum
1874 2300 1895 2316 in

1712 2325 1791 2347 specie.
