2111 3157
42 197 91 223 An.
112 196 141 224 C.
158 195 226 223 1080

47 881 157 902 Decretum
171 889 215 902 car-

34 908 110 929 dinalia
144 911 215 934 prote-

34 937 105 957 etum.

57 1983 201 2005 Confirmatur.

230 247 313 280 lecto
338 247 403 280 filio
421 254 531 282 nostro
550 249 694 282 eiusdem
717 249 745 282 S.
763 249 800 281 R.
820 249 854 281 E.
878 258 959 291 pres-

230 298 341 341 bytero
374 301 530 334 cardinali
565 302 726 334 Ottobono
759 306 958 343 nuncupato,

230 351 305 384 dicti
330 352 457 385 Ordinis
483 355 565 397 apud
591 365 650 387 nos
676 360 708 386 et
738 354 851 386 Sedem
882 354 960 394 Apo-

229 404 371 436 stolieam
390 407 579 447 protectori,
595 412 638 445 ut,
653 406 734 438 veris
749 404 958 438 existentibus

228 458 375 497 narratis,
393 459 475 490 circa
496 459 638 491 eiusdem
656 458 786 500 losephi
811 467 959 500 procura-

229 509 308 541 toris
333 511 492 551 geueralis
511 521 622 552 preces
644 511 675 542 id
698 515 852 542 statueret
872 509 957 551 quod

227 572 286 603 pro
312 572 371 594 suo
396 562 529 594 arbitrio
555 568 585 594 et
616 561 814 594 conscientia
846 561 877 592 in
904 561 959 592 Do-

227 613 315 645 mino
340 614 491 656 expedire.
516 614 706 646 censuisset.
742 614 840 645 Porro
872 613 956 644 idem

227 665 338 697 Petrus
356 666 527 698 cardinalis
545 672 576 698 et
592 671 770 708 protector,
790 665 822 696 in
839 665 899 696 vim
921 665 958 695 sa-

226 717 352 749 cultatis
387 717 447 749 sibi
483 728 542 760 per
576 718 738 749 decretum
773 715 956 748 huiusmodi

228 769 414 808 attributae,
449 780 547 812 super
577 770 762 812 praemissis
795 770 957 801 decretum

228 822 329 854 edidit
364 821 484 854 tenoris
510 822 562 864 qui
587 822 754 864 sequitur,
782 821 955 853 videlicet:

275 886 288 905 «
307 874 419 916 Vigore
433 874 659 916 retroscriptae
679 873 835 906 facultatis
849 883 956 905 sacrae

225 926 491 968 Congregationis
510 926 539 958 S.
562 926 598 958 R.
618 926 651 958 E.
673 926 884 959 cardinalium
902 936 958 958 ne-

224 979 320 1021 gotiis
346 984 378 1011 et
406 978 699 1011 consultationibus
729 979 957 1021 episcoporum

225 1037 257 1064 et
270 1031 464 1073 regularium
479 1031 694 1073 praepositae,
709 1032 874 1072 recognito
888 1041 957 1074 sup-

223 1084 301 1127 plici
326 1084 437 1116 libello
462 1094 478 1115 a
502 1088 713 1126 procuratore
739 1084 881 1125 generali
906 1095 959 1116 ex-

224 1137 337 1175 hibito,
360 1142 390 1168 et
413 1147 447 1168 re
472 1141 596 1168 mature
621 1136 836 1176 considerata,
859 1136 959 1168 decla-

224 1189 361 1222 randum
380 1195 411 1221 et
434 1189 638 1221 statuendum
662 1189 810 1221 duximus
838 1199 903 1221 non
927 1189 959 1220 li-

224 1252 299 1274 cere
336 1241 558 1284 superioribus
595 1241 750 1273 localibus
792 1241 958 1283 religionis

224 1294 375 1336 delegare
401 1293 623 1326 auctoritatem
648 1294 834 1326 conserendi
862 1294 957 1326 habi-

223 1353 289 1379 tum
314 1347 543 1379 Tertiariorum
580 1346 751 1388 praedictis
791 1347 957 1390 utriusque

223 1410 318 1432 sexus
345 1399 504 1437 ternariis,
525 1398 582 1430 sed
607 1399 645 1430 ad
670 1399 743 1431 illos
769 1399 831 1431 hoc
855 1399 959 1442 priva-

222 1453 284 1485 tive
302 1456 465 1494 spectare·,
480 1461 573 1493 posse
591 1456 697 1483 tamen
717 1453 816 1484 semel
835 1451 957 1483 indutis

223 1504 253 1536 in
276 1505 403 1536 illorum
425 1513 534 1535 curam
551 1502 635 1535 circa
656 1503 888 1536 observantiam
910 1515 959 1536 re-

223 1557 317 1599 gulae
338 1556 439 1588 virum
460 1555 650 1597 religiosum
670 1555 811 1588 eiusdem
828 1556 959 1598 religio-

222 1609 272 1641 nis
290 1609 510 1652 probataeque
527 1608 652 1640 virtutis
671 1608 841 1648 destinare,
863 1615 958 1651 prout

222 1662 385 1705 praesenti
404 1662 542 1700 decreto,
565 1661 754 1694 auctoritate
772 1672 834 1703 qua
851 1671 955 1704 supra,

223 1714 436 1749 decernimus.
459 1713 626 1745 statuimus
646 1718 676 1745 et
691 1714 903 1746 declaramus.
922 1714 955 1746 In

223 1777 360 1809 quorum
380 1765 484 1805 fidem,
501 1771 558 1798 etc.
574 1765 687 1798 Datum
702 1776 738 1798 ex
756 1766 889 1798 aedibus
905 1777 957 1799 no-

223 1819 309 1860 stris,
328 1820 387 1852 hac
406 1819 457 1852 die
481 1829 534 1851 x1v
558 1819 752 1861 septembris
769 1829 954 1852 Moetxxxn.

353 1871 446 1904 Card.
467 1870 656 1903 Orronoxus
682 1871 780 1903 totius
806 1871 933 1904 Ordinis

387 1923 421 1955 B.
441 1923 479 1954 M.
502 1923 539 1955 de
558 1922 701 1955 Mercede
720 1928 897 1965 protector.

267 1976 281 2019 ἓ
298 1975 328 2008 2.
349 1975 424 2008 Cum
442 1980 558 2015 autem,
577 1975 659 2008 sicut
676 1976 781 2008 dictus
799 1976 956 2019 Iosephus

222 2029 313 2072 prior
331 2028 490 2070 generalis
511 2028 605 2060 nobis
626 2028 763 2061 subinde
781 2029 897 2071 exponi
917 2030 958 2061 l‘e-

223 2082 275 2121 cit,
300 2081 368 2123 ipsc
394 2080 559 2112 decretum
584 2079 783 2119 huiusmodi,
809 2090 874 2123 quo
906 2081 957 2112 sir-

222 2134 305 2166 mius
329 2132 480 2166 subsistat
496 2138 526 2164 et
548 2137 694 2165 servetur
713 2133 862 2173 exactius,
882 2144 958 2176 apo-

223 2187 355 2220 stolicae
371 2185 624 2219 confirmationis
638 2190 764 2218 nostrae
778 2187 957 2228 patrocinio

223 2239 418 2272 communiri
443 2248 650 2281 summopere
681 2238 861 2271 desideret:
888 2249 956 2279 nos,

223 2293 328 2335 ipsum
352 2291 527 2334 Iosepluun
553 2295 795 2333 procuratorem
825 2302 958 2333 genera-

222 2346 285 2378 lem
311 2343 506 2387 specialibus
528 2343 690 2376 savoribus
705 2348 735 2376 ct
755 2344 866 2385 gratiis
884 2354 958 2386 pro-

225 2397 316 2440 sequi
335 2397 488 2435 volentes,
506 2401 538 2428 et
555 2406 572 2428 a
588 2395 755 2438 quibusvis
776 2406 957 2429 excommu-

225 2448 406 2488 nicationis,
430 2447 653 2490 suspensionis
678 2456 710 2480 et
732 2447 905 2489 interdicti,
928 2460 958 2482 a-

225 2500 341 2543 liisque
366 2499 590 2533 ecclesiasticis
615 2499 794 2540 sententiis,
810 2502 955 2533 censuris
1000 2506 1031 2533 et
1055 2511 1189 2544 cxpessc
1214 2502 1421 2545 derogamus,
1447 2504 1627 2549 ceterisque
1656 2494 1741 2554 con-,V

807 201 903 225 iNNoc
910 200 1020 223 tets'rtus
1043 202 1072 224 XI
1099 201 1147 224 [Ψ.

1002 249 1172 280 occasione
1197 248 1246 281 vel
1266 250 1360 281 causa
1376 247 1457 287 latis,
1476 247 1500 280 si
1520 247 1636 290 quibus
1654 258 1733 290 quo-

1002 301 1178 333 modolibet
1195 301 1368 333 innodatus
1389 300 1505 340 existit,
1525 301 1563 332 ad
1585 299 1732 332 effectum

1002 353 1220 394 praesentium
1250 354 1411 386 dumtaxat
1439 353 1702 396 consequendum
1723 379 1731 392 ‚

1002 406 1115 437 barum
1141 406 1223 437 serie
1253 406 1455 438 absolventes
1488 410 1521 437 et
1551 406 1733 438 absolutum

1002 457 1068 489 sore
1086 463 1267 496 censentes,
1284 458 1574 501 supplicationibus
1592 458 1658 490 eius
1675 468 1733 490 no-

1001 509 1085 541 mine
1107 509 1200 541 nobis
1224 520 1323 552 super
1347 511 1409 542 hoc
1434 510 1600 543 humiliter
1618 521 1732 553 porre-

1000 561 1057 593 ctis
1082 561 1236 600 inclinati,
1263 563 1428 596 decretum
1453 564 1690 606 praeinsertum
1715 574 1733 595 a

1001 619 1179 645 memorato
1204 614 1298 646 Petro
1320 615 1474 647 cardinali
1500 621 1532 647 et
1548 621 1731 658 protectore

1000 666 1130 704 editum,
1144 671 1179 697 ut
1192 667 1383 708 praefertur,
1397 668 1586 700 auctoritate
1608 673 1732 711 aposto-

1001 717 1072 756 lica,
1099 723 1212 749 tenore
1243 719 1478 760 praesentium,
1503 720 1732 754 confirmamus

1000 776 1031 801 et
1055 770 1280 812 approbamus,
1302 771 1415 813 illique
1440 772 1635 806 inviolabilis
1661 784 1733 816 apo-

999 823 1130 855 stolicae
1164 823 1324 856 firmitatis
1357 824 1455 856 robur
1486 824 1662 865 adiicimus,
1696 836 1733 858 ac

999 885 1110 907 omnes
1127 880 1159 907 et
1175 876 1322 917 singulos
1345 876 1422 908 iuris
1442 881 1473 909 et
1489 877 1563 909 sacti
1581 878 1732 918 desectus,

1000 927 1026 959 si
1051 927 1106 970 qui
1131 927 1270 970 desuper
1287 928 1532 970 quomodolibet
1551 929 1734 962 intervene-

999 979 1073 1020 rint,
1101 981 1299 1022 supplemus.

1043 1033 1057 1075 ἓ
1082 1032 1110 1065 3.
1136 1032 1354 1065 Decernentes
1385 1034 1514 1066 easdem
1545 1040 1732 1077 praesentes

1001 1085 1123 1117 litteras
1148 1095 1275 1127 semper
1295 1085 1412 1126 sirmas,
1429 1086 1550 1119 validas
1575 1092 1607 1120 et
1631 1087 1733 1120 effica-

1001 1148 1053 1169 ces
1078 1137 1215 1170 existere
1241 1143 1272 1169 et
1296 1138 1377 1178 sore,
1404 1149 1541 1182 suosque
1566 1140 1732 1182 plenarios

1001 1195 1031 1221 et
1049 1189 1192 1231 integros
1218 1190 1349 1223 ell'ectus
1374 1191 1481 1223 sortiri
1515 1196 1547 1224 et
1577 1192 1733 1234 obtinere,

1001 1253 1038 1274 ac
1061 1242 1136 1280 illis,
1154 1242 1192 1274 ad
1216 1253 1297 1284 quos
1323 1248 1445 1285 spectat
1465 1249 1496 1276 et
1512 1255 1571 1287 pro
1590 1249 1733 1288 tempore

1001 1295 1167 1337 spectabit,
1186 1294 1218 1326 in
1237 1296 1388 1327 omnibus
1410 1301 1442 1328 et
1457 1307 1516 1338 per
1533 1297 1640 1329 omnia
1663 1299 1734 1340 ple-

1002 1347 1130 1379 nissime
1148 1346 1334 1389 suffragari,
1361 1348 1471 1391 sicque
1494 1349 1524 1380 in
1547 1350 1733 1392 praemissis

1000 1409 1059 1441 per
1083 1408 1301 1440 quoscumque
1337 1399 1459 1432 iudices
1495 1401 1676 1434 ordinarios
1702 1407 1734 1434 et

1001 1452 1184 1492 delegatos,
1210 1451 1304 1483 etiam
1331 1461 1497 1484 causarum
1526 1453 1635 1495 palatii
1661 1464 1735 1496 apo-

1000 1503 1105 1535 stolici
1131 1503 1305 1543 auditores,
1331 1503 1466 1536 iudicari
1485 1512 1516 1538 et
1536 1504 1662 1537 definiri
1685 1506 1735 1539 de-

1000 1556 1088 1596 bere,
1115 1566 1151 1588 ac
1175 1556 1300 1588 irritum
1319 1561 1350 1589 et
1368 1557 1463 1589 inane
1481 1557 1504 1589 si
1526 1568 1618 1590 secus
1636 1569 1735 1601 super

1002 1609 1050 1641 his
1069 1620 1086 1640 a
1104 1619 1277 1651 quoquam,
1292 1609 1402 1652 quavis
1417 1610 1617 1649 auctoritate,
1631 1611 1734 1643 scien-

1000 1668 1048 1694 ter
1067 1662 1115 1693 vel
1138 1662 1335 1703 ignoranter,
1354 1662 1524 1705 contigerit
1544 1664 1706 1696 attentari.

1042 1714 1056 1756 ἓ
1081 1713 1110 1746 4.
1145 1714 1215 1747 Non
1245 1715 1448 1748 obstantibus
1474 1716 1673 1758 praemissis,
1695 1728 1732 1750 ac

999 1767 1287 1800 constitutionibus
1311 1773 1343 1800 et
1367 1768 1625 1801 ordinationibus
1657 1780 1734 1813 apo—

999 1820 1129 1859 stolicis,
1149 1830 1284 1859 necnon,
1304 1826 1464 1863 quatenus
1482 1832 1562 1865 opus
1580 1822 1629 1862 sit,
1646 1822 1734 1855 Ordi-

999 1873 1047 1904 nis
1072 1872 1240 1914 praedicti,
1276 1872 1370 1905 etiam
1394 1873 1591 1914 iuramento,
1622 1875 1734 1907 confir—

998 1924 1139 1956 matione
1164 1925 1352 1966 apostolica,
1373 1927 1422 1959 vel
1449 1926 1559 1968 quavis
1585 1926 1734 1960 firmitate

999 1977 1059 2009 alia
1074 1976 1241 2017 roboratis,
1251 1977 1377 2009 statutis
1389 1982 1420 2010 et
1432 1979 1733 2021 consuetudinibus,

999 2029 1176 2072 privilegiis
1213 2039 1363 2072 quoque,
1389 2030 1521 2063 indultis
1553 2037 1584 2063 et
1618 2032 1744 2065 litteris*

1000 2081 1182 2124 apostolicis
1208 2081 1240 2113 in
1265 2082 1463 2115 contrarium
1480 2083 1733 2126 praemissorum

1624 189 1687 222 969
1733 199 1782 226 An.
1803 199 1831 227 c.
1857 200 1924 226 1680

1771 1046 1889 1069 Clausulam

1814 1726 1929 1752 Derogauo

1747 1754 1907 1776 contrariorum.

1001 2132 1249 2176 quomodolibet
1273 2132 1456 2174 concessis,
1483 2136 1677 2170 confirmatis
1702 2129 1746 2171 et

1000 2185 1182 2225 innovatis·,
1209 2185 1324 2227 quibus
1348 2187 1498 2220 omnibus
1523 2192 1554 2220 et
1579 2187 1731 2231 singulis,

1000 2239 1128 2271 illorum
1155 2244 1285 2272 tenores
1306 2239 1531 2282 praesentibus
1552 2251 1610 2284 pro
1634 2243 1734 2288 plene

1000 2296 1031 2323 et
1054 2291 1248 2324 sufficienter
1272 2292 1432 2334 expressis
1465 2303 1501 2325 ac
1532 2294 1572 2326 ad
1601 2295 1732 2327 verbum

999 2343 1128 2376 insertis
1155 2344 1325 2384 habentes,
1348 2344 1411 2377 illis
1437 2345 1516 2378 alias
1541 2345 1575 2378 in
1601 2357 1657 2379 suo
1680 2357 1734 2379 ro·

999 2395 1078 2428 bore
1103 2396 1336 2438 permansuris,
1359 2397 1397 2429 ad
1418 2398 1669 2440 praemissorum
1686 2399 1732 2432 es-

1000 2449 1138 2488 sectum,
1164 2449 1226 2481 hac
1250 2448 1316 2482 vice
1342 2450 1521 2492 dumtaxat,
1546 2452 1733 2495 specialiter

227 2557 260 2586 et
281 2552 436 2596 poenis,a
460 2552 529 2585 iure
553 2553 602 2585 vel
627 2552 666 2584 ab
691 2552 832 2594 homine,
849 2553 956 2596 quavis
999 2554 1104 2587 trariis
1129 2554 1395 2601 quibuscumque.
