2111 3157
29 203 79 231 An.
99 203 128 230 C.
151 202 218 230 ¹680

218 251 306 291 bere,
326 257 366 292 et,
388 263 468 296 quae
494 253 531 286 de
556 264 639 287 novo
665 259 854 294 statuentur,
881 255 953 287 dili-

219 310 334 346 genter
357 306 526 340 adnotare.
545 307 650 339 Scribi
671 307 767 340 etiam
791 307 885 340 saciat
900 308 952 340 lit-

217 361 302 389 teras
326 358 482 399 gratiosas
506 369 566 401 pro
590 358 851 392 benefactoribus
869 358 952 391 Con-

217 409 429 451 gregationis,
448 421 521 443 cum
539 411 741 454 appositione
758 410 855 452 sigilli
873 421 951 453 pen-

217 462 333 501 dentis,
357 473 436 505 quas
465 463 534 506 ipse
567 463 756 497 subscribat.
791 463 949 496 Licentias

215 524 292 547 vero
317 515 489 555 vendendi,
516 526 572 548 seu
605 516 718 558 quovis
749 515 844 549 titulo
873 516 950 549 alie-

215 567 325 607 nandi,
340 577 399 610 per
413 567 599 600 definitores
618 577 797 608 concessas,
816 568 855 601 ad
873 568 949 601 efl'e-

215 624 299 651 ctum
325 620 492 653 obtinendi
517 630 685 653 assensum
715 631 733 653 a
760 620 841 653 Sede
864 621 948 664 Apo-

214 671 335 710 stolica,
373 673 411 705 de
443 683 532 705 more
564 673 724 713 extendat,
757 672 945 714 subscribat,

214 724 395 767 codemque
410 724 675 768 Congregationis
689 725 796 768 sigillo
808 737 947 759 commu-

212 775 289 809 niat.
307 777 352 816 Et,
367 782 402 809 ut
419 778 604 820 supradicta
624 779 824 812 commodius
840 781 946 812 valeat

212 829 379 871 expedire,
404 831 569 870 volumus,
595 837 648 871 ut,
675 830 766 864 finito
790 832 942 875 capitulo,

212 881 315 914 tribus
340 882 463 922 diebus,
489 888 521 915 et
544 884 644 923 ultra,
674 883 698 915 si
725 894 806 927 opus
831 885 942 925 suerit,

212 939 377 967 remaneat
402 935 433 967 in
460 935 656 969 monasterio
687 937 740 969 ubi
766 937 943 981 capitulum

210 986 308 1019 suerit
330 988 538 1020 celebratum.

256 1050 298 1073 1v.
326 1040 452 1081 Verum,
475 1042 640 1084 quoniam,
657 1048 790 1086 propter
811 1044 944 1086 amplia-

211 1093 333 1126 tionem
358 1093 642 1136 Congregationis,
668 1096 788 1128 multae
814 1106 944 1139 occupa-

210 1146 316 1178 tiones
342 1151 373 1178 et
398 1156 510 1179 causae
537 1147 568 1179 in
594 1148 663 1180 dies
688 1154 867 1190 emergunt,
886 1149 944 1181 ita-

210 1204 245 1230 ut
270 1209 341 1231 cum
367 1199 552 1233 difficultate
570 1201 675 1233 scriba
693 1202 825 1244 capituli
843 1203 944 1234 omui-

211 1251 270 1283 bus
288 1251 470 1284 satisfacere
488 1253 603 1295 possit,
624 1253 743 1286 idcireo
760 1264 819 1296 per
834 1260 942 1297 patres

211 1302 398 1336 definitores
433 1305 481 1337 vel
514 1305 660 1347 regimen
693 1306 831 1348 eligatur
861 1317 942 1339 unus

210 1356 301 1398 prior
324 1356 503 1389 claustralis
529 1357 674 1398 idoneus,
693 1357 784 1399 fidus,
802 1358 943 1401 integer-

210 1407 309 1440 rimus
328 1413 360 1440 et
375 1408 508 1451 peritus,
523 1409 576 1452 qui
590 1410 802 1443 cancellarius
818 1416 941 1453 patruni

209 1461 259 1494 vel
285 1462 450 1503 regiminis
471 1468 612 1503 vocetur,
632 1464 752 1507 quique
768 1463 943 1507 registran-

209 1514 241 1547 di
266 1515 398 1553 litteras,
417 1516 641 1557 instrumenta,
660 1517 797 1555 decreta,
816 1523 845 1549 et
863 1518 941 1550 allas

210 1568 386 1611 scripturas
400 1569 437 1600 ad
453 1569 597 1611 regimen
614 1570 798 1610 attinentes,
815 1580 941 1603 necnon

209 1620 334 1653 litteras
351 1621 511 1653 scribendi
531 1627 561 1654 et
579 1622 809 1664 respondendi,
827 1623 942 1665 quibus

209 1683 291 1716 opus
312 1673 416 1714 fuerit,
434 1684 492 1716 pro
510 1674 722 1717 dispositione
740 1675 839 1718 patris
855 1686 943 1718 prae-

209 1725 342 1758 sidentis
368 1731 399 1759 et
423 1725 642 1766 definitorum,
667 1733 701 1759 ut
725 1738 822 1770 snpra
843 1733 943 1760 statu-

210 1784 275 1811 tum
301 1784 351 1811 est
377 1779 406 1810 in
431 1780 639 1822 praecedenti
665 1780 806 1823 capitulo
833 1791 942 1813 nume-

209 1841 245 1863 ro
263 1841 272 1864 1
293 1837 325 1863 et
341 1841 375 1871 n,
399 1842 506 1863 curam
533 1832 658 1870 habeat,
678 1833 731 1875 qui
753 1833 846 1874 etiam
871 1844 942 1865 eum

210 1883 324 1916 ceteris
350 1884 540 1916 officialibus
565 1885 756 1927 publicetur.

253 1947 282 1969 v.
309 1937 472 1969 l‘raefatus
494 1943 597 1970 autem
623 1939 833 1971 cancellarius
858 1939 940 1982 apud

209 1991 449 2033 praesidentem
469 1991 634 2033 regiminis
660 2003 788 2034 semper
804 1998 940 2031 mancat,

210 2048 260 2083 ut,
281 2043 313 2075 in
339 2043 436 2075 rebus
466 2044 505 2075 ad
530 2043 818 2086 Congregatienem
843 2045 944 2087 pcrti-

210 2096 372 2135 nentibus,
398 2096 487 2128 illum
514 2099 611 2139 opera
636 2099 693 2129 sust
717 2098 814 2130 iuvet.
841 2098 874 2130 In
904 2108 942 2130 eo

210 2154 318 2181 autem
336 2148 452 2187 officio,
470 2149 495 2180 si
514 2154 598 2181 recte
617 2160 650 2182 se
669 2150 817 2191 gesserit,
841 2161 941 2193 usqne

211 2200 250 2233 ad
267 2201 466 2239 sexennium,
485 2201 618 2234 arbitrio
640 2202 814 2243 regiminis
834 2213 943 2245 perse-

210 2259 310 2294 veret,
326 2258 360 2285 ut
384 2263 449 2286 non
474 2254 579 2286 solum
604 2255 754 2296 praesidi,
775 2255 829 2287 sed
848 2255 942 2287 etiam

212 2305 444 2345 definitoribus,
471 2317 578 2338 rerum
603 2306 885 2349 congregationis,
912 2318 944 2339 a-

205 2363 335 2393 ctorum
360 2358 510 2401 capituli,
536 2359 755 2392 visitationum
779 2365 810 2392 et
826 2360 944 2392 consti-

212 2411 388 2451 tutionum,
415 2416 446 2443 et
474 2412 607 2444 aliarum
640 2413 872 2455 scripturarum
904 2413 942 2445 ad

211 2463 357 2506 regimen
378 2464 626 2507 pertinentium,
644 2465 835 2508 requisitus,
861 2466 944 2498 noti-

200 2515 288 2548 ,tiam
313 2527 487 2559 suggerere
508 2518 622 2550 valeat.
645 2517 753 2560 anue
771 2518 878 2551 omnia
901 2518 944 2551 ita

212 2568 329 2613 callere
348 2568 488 2611 debebit,
504 2574 534 2603 et
550 2580 627 2614 prae
646 2570 793 2603 manibus
811 2571 942 2613 habere,

230 2614 310 2622 φ’·-

811 205 1023 231 INNOCENTIUS
1043 207 1075 231 xt
1098 199 1155 231 1³1⁵ae
1176 240 1179 243 .

1625 197 1690 231 355
1734 205 1829 234 Aac.
1850 207 1932 239 mae-

993 259 1045 295 ut,
1073 248 1339 298 quotiescumque
1359 264 1441 298 opus
1465 253 1580 295 suerit,
1602 264 1618 287 e
1634 256 1728 288 vesti-

994 306 1047 348 gio
1068 307 1214 349 proferre
1239 308 1350 350 possit.
1373 307 1407 340 Ei
1433 310 1538 340 autem
1559 307 1726 340 coadiutor

993 369 1011 390 a
1036 358 1260 392 definitoribus
1279 364 1425 402 tempore
1443 359 1573 403 capituli
1592 359 1726 403 depute-

993 414 1051 449 tur,
1066 421 1106 443 ne
1120 411 1327 445 multitudine
1339 412 1542 454 negotiorum
1556 413 1722 445 obruatur.

1034 473 1077 496 v1.
1104 463 1295 496 Praesidens
1316 470 1434 504 autem,
1450 465 1483 497 in
1501 465 1648 498 omuibus
1669 475 1725 498 ne-

991 515 1088 557 gotiis
1110 516 1150 548 ad
1175 516 1316 549 officium
1334 527 1426 550 suum
1447 523 1478 550 et
1494 517 1725 560 Congregatio-

990 568 1040 600 nis
1072 568 1217 611 regimen
1247 570 1498 612 pertinentibus,
1529 571 1722 604 cancellario

991 623 1111 653 tantum
1134 626 1251 661 utatur,
1266 632 1308 654 ne
1332 632 1384 654 res
1410 623 1488 655 tanti
1513 623 1668 666 ponderis
1692 624 1724 656 ss-

990 672 1042 705 dei
1066 668 1295 719 cuiuscumque}
1317 674 1504 707 committat.
1736 677 1749 708 ³

1031 735 1088 758 vn.
1118 725 1152 757 ln
1170 725 1308 768 negotiis
1325 736 1404 759 vero
1422 726 1653 770 capitularibus
1669 738 1722 761 ex-

988 777 1169 819 pediendis,
1182 783 1217 809 ut
1229 778 1377 811 brevitati
1393 779 1487 812 simul
1503 785 1598 823 atque
1614 781 1721 813 ordini

987 830 1187 870 consulatur,
1212 831 1337 863 curabit
1370 833 1581 865 cancellarius
1613 834 1722 865 onmia

987 881 1180 924 petitionum
1214 883 1366 915 abbatum
1399 884 1476 917 solia
1501 885 1533 917 in
1567 884 1649 917 libro
1681 886 1720 917 ad

987 934 1050 967 hoc
1066 941 1259 978 praeparato
1277 937 1470 978 agglutinari
1496 948 1556 980 per
1574 937 1720 970 ordinem

986 985 1074 1019 iuxta
1098 998 1231 1020 examen
1255 989 1533 1029 monasteriorum,
1552 990 1632 1021 itaut
1655 990 1721 1022 uni-

986 1038 1101 1081 cuique
1126 1040 1204 1073 solio
1228 1041 1422 1083 petitionum
1448 1052 1544 1075 vacua
1569 1042 1642 1074 libri
1664 1053 1720 1085 pa-

987 1092 1061 1133 gina
1085 1102 1101 1124 e
1127 1098 1305 1136 conspeetu
1323 1095 1585 1136 correspondeat,
1602 1094 1634 1126 in
1656 1106 1720 1138 quo

986 1144 1174 1178 definitores
1198 1146 1353 1179 adnotare
1371 1147 1497 1189 possint
1520 1148 1596 1190 quid
1621 1158 1721 1191 super

987 1196 1121 1239 singulis
1133 1198 1392 1239 deliberaverint,
1406 1205 1440 1232 ut
1451 1200 1566 1233 deinde
1581 1202 1720 1239 valcant,

986 1249 1071 1282 iuxta
1095 1251 1238 1293 ipsorum
1256 1253 1463 1292 sententiam,
1479 1253 1608 1286 decreta
1628 1253 1720 1286 effor-

985 1312 1084 1334 mare.
1111 1302 1276 1336 Eiusmodi
1301 1310 1408 1337 autem
1434 1306 1516 1338 liber
1537 1316 1606 1338 cum
1628 1317 1720 1349 prae-

986 1354 1080 1386 dictis
1117 1355 1202 1388 foliis
1234 1356 1426 1398 petitionum
1464 1358 1594 1401 propria
1622 1369 1719 1390 manu

985 1407 1136 1440 abbatum
1162 1408 1353 1452 subscriptis
1370 1409 1401 1442 in
1420 1416 1489 1442 acta
1513 1411 1644 1453 capituli
1670 1422 1720 1443 rc-

986 1459 1108 1492 seratur
1132 1462 1373 1494 conservandus
1390 1489 1397 1502 ,
1424 1467 1459 1495 ut
1491 1473 1642 1505 expresse
1666 1474 1721 1505 ap-

985 1517 1098 1554 pareat
1125 1513 1163 1545 de
1181 1514 1297 1556 quibus
1316 1515 1434 1547 suerint
1459 1515 1645 1548 definitores
1671 1526 1720 1548 re-

986 1565 1105 1607 quisiti,
1131 1571 1163 1599 et
1185 1577 1224 1599 an
1250 1573 1429 1611 opportuna
1454 1569 1596 1602 remedia
1629 1579 1719 1601 cura-

984 1619 1089 1651 verint
1112 1620 1282 1653 adhihere.

1028 1671 1073 1704 Ne
1106 1672 1253 1715 pluribus
1278 1674 1533 1716 monachorum,
1559 1676 1624 1708 sive
1650 1686 1718 1709 mo-
1755 1686 1823 1707 ctm
1834 1686 1888 1716 xiv.

985 1725 1117 1757 nasterii
1150 1726 1183 1758 in
1213 1738 1275 1769 quo
1307 1728 1486 1760 celebratur
1517 1713 1910 1772 capitulum,nffs‘iiiii³iii'g¹ti‹i

985 1777 1071 1810 curis
1090 1778 1224 1811 distrahi
1250 1789 1306 1812 seu
1332 1780 1503 1823 inquietari
1529 1782 1716 1815 definitores
1728 1767 1846 1819 {iilli'u‘ssflu‘
1874 1772 1910 1788 ω’

985 1831 1174 1874 contingat,
1200 1832 1384 1865 ordinamus
1408 1835 1493 1876 quod
1519 1834 1579 1878 ipsi
1605 1835 1720 1868 delini-

985 1888 1072 1917 tores
1103 1895 1161 1927 per
1193 1890 1348 1918 consueta
1378 1887 1531 1929 suffragia
1565 1887 1719 1920 vicarium

984 1937 1183 1976 monasterii,
1202 1937 1225 1969 si
1251 1937 1320 1970 fieri
1344 1943 1466 1980 potest,
1490 1939 1611 1981 eligant
1636 1951 1717 1980 eum,

986 1990 1132 2033 quiante
1154 1990 1272 2023 fuerat‘
1298 1993 1460 2034 praelatus
1485 1992 1628 2025 eiusdem
1653 2004 1719 2026 mo-

985 2044 1130 2084 nasterii,
1155 2045 1210 2087 qui
1230 2054 1337 2077 rerum
1362 2050 1394 2077 et
1417 2055 1628 2087 personarum
1653 2057 1718 2079 me-

985 2098 1047 2130 lius
1071 2097 1274 2129 conditiones
1300 2098 1432 2137 noverit,
1451 2108 1504 2130 scu
1530 2099 1669 2141 aliquem
1691 2111 1719 2132 a·

985 2150 1063 2182 lium
1088 2150 1238 2183 abbatem
1269 2150 1308 2183 de
1340 2151 1493 2193 capitulo,
1520 2157 1615 2194 prout
1639 2153 1718 2195 ipsis

986 2202 1208 2235 definitoribus
1233 2202 1405 2243 videbitur,
1437 2203 1489 2246 qui
1522 2215 1632 2237 curam
1664 2205 1720 2238 lia-

986 2255 1061 2287 beat
1086 2255 1252 2297 regiminis
1273 2255 1460 2288 monasterii
1486 2266 1522 2288 ac
1545 2257 1721 2289 monacho-

985 2318 1073 2347 rum,
1099 2313 1162 2340 tam
1186 2308 1307 2341 ibidem
1333 2308 1371 2341 de
1398 2314 1553 2341 conventu
1581 2310 1722 2342 existen-

986 2361 1073 2401 tium,
1100 2371 1196 2403 quarn
1228 2361 1364 2393 aliorum
1398 2361 1437 2393 ad
1471 2361 1646 2404 capitulum
1672 2373 1722 2395 ve-

986 2413 1159 2446 nientium.
1194 2413 1250 2452 Qui
1283 2413 1420 2446 vicarius
1452 2419 1560 2447 teneat
1583 2415 1720 2458 primum

987 2467 1093 2499 locum
1110 2471 1185 2509 post
1202 2471 1458 2506 conservatores,
1473 2467 1587 2510 quibus
1606 2467 1721 2499 absen-

987 2519 1078 2559 tibus,
1099 2519 1206 2552 omnia
1223 2519 1315 2562 signa
1334 2519 1438 2560 saciat,
1463 2525 1494 2552 et
1511 2520 1719 2563 particulares

1024 2582 1033 2605 l
1057 2580 1154 2616 Aptius
1169 2580 1227 2616 lege
1246 2581 1337 2615 suerit
1356 2582 1392 2617 (n.
1408 2582 1456 2617 12).
