2111 3157
421 190 485 225 968
969 198 1145 221 Bt’LLAntt'M
1172 197 1323 221 nouantur

376 252 523 286 canonici
543 251 704 294 regulares
729 249 852 284 Ordinis
869 249 898 283 S.
917 249 1042 282 Antonii
1059 248 1252 288 Viennensis,
1277 247 1320 281 84
1343 257 1380 288 a;
1402 247 1544 291 ipsorum
1569 248 1720 283 ecelesiae
1741 249 1908 294 indulgen-

463 305 538 337 tiam
563 303 735 348 plenariam
754 307 940 346 perpetuam
962 301 1151 345 quibusdam
1169 301 1200 332 in
1220 300 1305 333 sestis
1323 301 1466 334 concedit
1490 302 1640 342 Pontifex,
1657 303 1736 336 ibid.

376 358 523 392 Canonici
554 357 714 399 regulares
747 355 871 389 Ordinis
912 355 940 387 S.
970 354 1134 397 Augustini
1171 354 1432 397 Congregationis
1464 355 1663 396 Gallicanae,
1688 354 1752 389 239
1776 356 1807 396 b;
1832 356 1909 400 ipsis

462 411 587 443 decreta
607 409 771 453 quaedam,
788 419 827 441 ne
847 408 917 452 quis
934 406 1103 441 canonicus
1122 406 1278 448 regularis
1297 406 1449 440 beneficia
1466 407 1624 441 obtineret
1644 409 1711 441 sine
1736 408 1909 452 superioris

463 464 620 507 generalis
644 463 791 504 licentia,
816 462 1055 501 confirmantur,
1078 459 1142 493 ⁶240
1166 460 1193 493 Ι).

375 517 573 550 Canonizatio
597 517 801 555 Sanctorum;
826 515 900 558 quid
926 515 956 548 in
982 514 1162 548 huiusmodi
1187 513 1289 547 causis
1313 513 1500 547 servandum
1523 514 1634 557 docet,
1661 514 1726 549 123
1746 525 1767 549 a
1789 519 1820 549 et
1843 526 1906 560 seq.

374 570 513 612 Capitula
538 574 568 601 et
591 568 779 612 capitulares
803 568 1018 607 basilicarum,
1043 568 1114 600 vide
1137 566 1278 600 Basilica·

374 623 549 666 Capitulum
575 621 724 654 ecelesiae
742 621 910 661 Albiensis;
932 621 989 664 ipsi
1006 621 1110 654 omnia
1135 620 1365 664 archiepiscopi
1386 620 1454 653 iura
1478 625 1509 653 et
1532 620 1672 653 redditus
1691 621 1797 664 primo
1828 632 1910 656 anno

462 675 492 708 in
517 675 656 718 qualibet
687 674 769 707 sedis
799 674 960 707 vacatione
985 673 1139 707 concessit
1173 673 1311 706 Pontifex
1327 700 1335 714 ,
1359 673 1423 706 113
1447 673 1487 713 b,·
1510 673 1660 706 ecclesiae
1690 673 1909 716 Bitu1·icensiS‚

462 728 568 771 primo
596 737 678 760 anno
702 727 872 759 vacationis
902 726 1001 767 sedis,
1027 736 1162 759 annuam
1191 736 1346 758 summam
1378 726 1558 770 quindecim
1576 726 1709 759 millium
1738 726 1909 769 librarum,

463 780 642 814 solvendam
670 790 687 812 a
711 781 819 812 mensa
843 779 993 813 ecclesiae
1017 779 1183 818 Albiensis,
1208 778 1390 822 adscripsit,
1414 779 1490 812 ibid.

375 834 521 878 Cappella
545 832 716 876 pontificia,
742 832 814 874 7702,
840 833 874 871 [η
907 843 943 865 ex
968 832 1067 875 ipsius
1091 831 1231 864 archivio
1263 831 1362 864 libros
1393 832 1559 866 musicales
1583 832 1704 866 extrahi
1728 832 1786 866 sub
1808 833 1910 878 poena

463 884 797 919 excommunicationis
821 885 1017 928 prohibetur,
1042 884 1118 917 ibid.
1145 889 1175 916 et
1198 895 1259 927 seq.

375 939 570 983 Cappellanis
593 938 763 982 pontificiis
787 937 954 981 privilegia
978 937 1133 977 concedit,
1158 935 1222 970 239
1243 948 1263 970 a
1288 940 1318 971 et
1341 948 1402 981 seq.

376 991 555 1035 Capuceini,
578 991 649 1024 vide
672 990 807 1024 Minores
831 990 1011 1034 Capuccini.

376 1044 586 1078 Cardinatium
612 1043 888 1086 Congregationes,
912 1044 982 1076 vide
1006 1043 1182 1076 Decr.etum

377 1096 645 1137 Carmelit1s‚m1b
669 1096 798 1129 nomine
812 1101 946 1139 patrum
966 1096 1157 1140 provinciae
1174 1095 1285 1129 venite
1309 1095 1471 1128 dumtaxat
1495 1095 1666 1130 definitor-ii
1684 1101 1799 1141 patres,
1812 1098 1912 1132 deela-

465 1154 572 1189 ratim,
598 1148 633 1181 71
662 1159 682 1181 a
707 1152 735 1182 et
758 1160 818 1192 seq.

379 1201 554 1236 Catmelitis
578 1201 838 1244 Congiegationis
862 1202 1046 1234 Mantuanae
1075 1200 1261 1235 electionem
1290 1202 1450 1235 sociorum
1485 1201 1524 1234 ad
1559 1203 1707 1245 generale
1739 1203 1910 1247 capitulum

467 1255 607 1288 eiusdem
633 1254 894 1298 Congre0·aiionis
918 1254 1142 1288 mittendorum
1175 1254 1335 1287 interdixit
1363 1255 1563 1288 Innocentius
1588 1255 1648 1296 xl,
1673 1255 1756 1290 edito
1787 1257 1845 1291 hac
1873 1258 1911 1291 de

465 1318 500 1341 re
522 1307 660 1348 decreto,
684 1307 769 1351 quod
793 1308 886 1340 etiam
912 1307 1119 1348 confirmavit,
1138 1307 1203 1340 423
1228 1308 1245 1340 b
1271 1312 1300 1340 et
1323 1318 1383 1351 seq.

378 1361 553 1395 Carmelitis
576 1360 775 1394 Discalceatis
798 1361 959 1394 decretum
983 1361 1140 1404 quoddam
1161 1360 1421 1418 Cong1egationis
1444 1361 1581 1402 Rittium,
1598 1371 1661 1405 quo
1685 1366 1835 1395 statutum
1855 1345 1912 1398 suit

466 1413 619 1447 cadaveia
647 1423 780 1454 eorum,
809 1413 861 1457 qui
887 1413 946 1446 sibi
970 1414 1164 1457 sepultuiam
1188 1413 1221 1446 in
1245 1414 1385 1447 ecclesiis
1410 1414 1551 1458 ips01um
1576 1415 1750 1458 elegerunt,
1778 1416 1817 1449 ad
1844 1425 1912 1450 eos-

466 1467 537 1499 dem
561 1466 731 1510 pertinerc,
756 1467 974 1506 confirmatur,
999 1464 1062 1500 ⁶238
1087 1467 1113 1499 b.

379 1519 552 1553 Carmelitis
576 1520 763 1554 Reformatis
787 1520 967 1563 provinciae
992 1520 1240 1554 Pedemontanae
1276 1520 1402 1553 decreta
1437 1521 1591 1564 quaedam
1615 1521 1782 1555 cardinalis
1804 1527 1911 1566 prote-

467 1574 562 1606 ctoris
585 1583 644 1616 pro
668 1573 890 1606 reformatione
914 1572 1015 1606 dictae
1038 1573 1219 1616 provinciae
1244 1573 1483 1615 confirmantur,
1507 1573 1565 1607 751
1594 1584 1615 1608 a
1639 1579 1670 1607 et
1692 1585 1755 1618 seq.

381 1626 521 1660 Carmelo
546 1626 611 1669 (de)
636 1626 668 1658 B.
689 1626 726 1658 M.
752 1626 784 1658 V.
809 1626 922 1658 festum
947 1626 1152 1669 approbatur,
1178 1626 1240 1659 ‘167
1266 1637 1285 1659 a
1311 1631 1341 1659 et
1365 1637 1425 1669 seq.

381 1679 509 1713 Carolus
532 1678 733 1718 Barberinus,
757 1678 923 1711 cardinalis
940 1679 1035 1712 abbas
1055 1678 1340 1712 commendatarius
1367 1678 1629 1714 monasteriorum
1655 1679 1912 1714 &scholasticae

468 1737 497 1764 et
527 1731 555 1765 S.
582 1731 699 1775 Specus
732 1732 952 1775 SublacensiS,
978 1732 1018 1764 17
1050 1743 1089 1774 α;
1125 1732 1199 1765 item
1229 1732 1485 1777 archipresbyter
1516 1732 1667 1767 basilicae
1698 1733 1728 1767 S.
1759 1733 1842 1768 Petri
1872 1733 1911 1767 de

468 1784 564 1825 Urbe,
588 1783 629 1817 83
654 1795 683 1818 α.

380 1838 508 1871 Carolus
532 1838 655 1870 Bessius
679 1838 842 1871 Ferrerius
861 1839 981 1872 Fliscus
1005 1839 1152 1883 princeps
1176 1839 1345 1872 Masserani
1361 1844 1391 1872 et
1414 1840 1556 1874 marchio
1581 1839 1911 1884 Crepacorii,Vercel-

466 1891 561 1923 lensis
585 1891 748 1932 dioecesis,
776 1892 840 1924 664
864 1892 902 1931 b‚·
926 1892 1077 1935 quasdam
1104 1896 1202 1926 terras
1225 1892 1307 1925 cedit
1330 1893 1467 1926 Amadeo
1488 1893 1559 1926 duci
1583 1893 1769 1933 Sabaudiae,
1787 1892 1851 1926 665
1867 1904 1908 1934 ιι,-

467 1943 612 1977 alienatio
637 1944 694 1977 ista
718 1945 860 1977 irritatur
883 1955 900 1977 a
925 1945 1086 1986 Pontissee‚
1111 1946 1187 1981 ital.

382 1997 508 2031 Carolus
532 1997 753 2040 Hispaniarum
778 2008 832 2031 rex
856 1998 1038 2039 catholicus,
1063 2009 1122 2042 pro
1146 1998 1297 2042 peculiari
1323 2000 1378 2031 sua
1403 2007 1478 2041 erga
1502 1998 1675 2041 gloriosum
1698 1997 1909 2042 patriarcham

466 2050 496 2083 S.
521 2050 688 2094 Iosephum
712 2051 911 2084 beatissimae
936 2052 1072 2094 Virginis
1096 2052 1150 2084 Dei
1174 2051 1341 2085 Genitricis
1361 2051 1527 2094 Sponsum,
1545 2052 1650 2095 ipsum
1669 2055 1838 2095 patronum
1858 2051 1910 2084 de-

468 2103 581 2135 clarari
604 2113 735 2136 suorum
760 2114 930 2146 regnorum
956 2105 1033 2147 petit
1057 2110 1086 2137 et
1110 2105 1246 2143 obtinet,
1272 2104 1335 2137 170
1361 2105 1395 2146 b,
1420 2104 1479 2137 171
1509 2115 1538 2138 a.

381 2156 586 2197 carthusiani,
611 2157 681 2189 vide
701 2157 842 2189 Monachi
863 2157 987 2190 Ordinis
1012 2157 1250 2190 Carthusiensis.

381 2209 587 2250 Cassinenses,
612 2210 682 2242 ride
706 2209 847 2242 Monachi
872 2210 1133 2253 Congregationis
1157 2209 1357 2243 Cassinensis.

381 2262 546 2295 Christiani
572 2261 649 2294 Novi
674 2264 844 2306 nuncupati
876 2263 906 2295 in
940 2263 1150 2306 Portugalliae
1182 2268 1212 2296 et
1242 2263 1464 2305 Algarbiorum
1490 2262 1614 2307 regnis,
1637 2262 1680 2297 20
1704 2263 1740 2303 b,
1768 2262 1909 2307 ipsorum

469 2325 562 2347 causa
585 2325 656 2347 cum
683 2315 930 2358 inquisitoribus,
959 2317 1058 2356 ih1·‹l.,·
1085 2317 1209 2357 iterum,
1235 2316 1299 2350 408
1323 2328 1342 2350 α
1367 2322 1396 2350 et
1419 2328 1478 2362 seq.

382 2368 491 2401 Clerici
516 2367 546 2401 S.
572 2368 707 2411 Iosephi,
730 2369 800 2401 vide
824 2369 1032 2412 Congregatio
1056 2370 1313 2414 presbyterorum
1334 2375 1365 2404 et
1387 2371 1575 2405 clericorum
1593 2371 1622 2404 S.
1643 2370 1776 2414 Iosephi.

383 2420 491 2454 Clerici
517 2421 678 2463 regulares
695 2421 955 2464 Congregationis
972 2423 1076 2456 Matris
1093 2423 1147 2456 Dei
1165 2434 1274 2456 eorum
1292 2424 1404 2457 domus
1424 2425 1603 2466 regularem
1620 2433 1771 2456 annexam
1788 2426 1818 2456 et
1835 2433 1909 2456 con-

471 2483 579 2506 nexam
604 2475 752 2507 ecclesiae
778 2475 806 2508 S.
830 2476 943 2508 Mariae
968 2476 998 2508 in
1024 2477 1150 2509 Porticu
1174 2487 1244 2509 cum
1269 2477 1395 2510 licentia
1420 2476 1644 2516 vendiderunt,
1661 2475 1725 2509 669
1740 2476 1767 2518 b,
1788 2475 1852 2509 670
1876 2486 1907 2510 a.

385 2526 494 2559 Clerici
520 2528 678 2569 regulares
703 2529 897 2569 Barnabitae,
920 2529 962 2561 65
987 2540 1023 2569 a,
1051 2530 1190 2573 ipsorum
1217 2530 1356 2563 ecclesiis
1374 2530 1506 2563 infestis
1526 2528 1745 2563 Conversionis
1771 2532 1802 2561 et
1821 2529 1909 2563 Com-

472 2581 706 2614 memorationis
720 2583 815 2616 sancti
830 2583 915 2616 Pauli
927 2583 1058 2627 apostoli
1077 2582 1269 2627 indulgentia
1284 2583 1425 2627 plenaria
1443 2587 1597 2627 perpetua
1610 2581 1803 2623 conceditur,
1826 2581 1907 2615 ibid.
