2111 3157
6 210 57 237 An.
73 208 101 235 C.
125 208 191 235 ¹679

53 424 185 446 Confirmatio

4 451 65 472 huius
83 454 185 477 protesta-

5 480 72 498 {iuuis-

772 210 983 234 INNOCENTIUS
1005 210 1035 234 XI
1060 211 1108 234 ΡΡ.

196 261 228 290 et
251 257 441 290 Recollectis
460 257 492 289 in
506 258 569 290 suis
587 258 831 301 particularibus
848 268 924 290 eon-

197 310 420 343 stitutionibus
450 311 610 353 repective
644 311 799 343 admissas
824 316 855 342 et
879 319 945 342 re*

197 368 326 405 ceptas:

239 416 254 458 ξ
278 415 308 447 ⁶2.
336 415 409 455 Nos,
431 426 490 458 pro
514 416 628 448 maiori
647 415 743 447 huius
768 419 924 457 protesta-

197 468 292 500 tionis
317 467 473 505 firmitate,
500 473 531 499 et
547 472 582 499 ut
598 467 629 498 in
646 466 763 499 Ordine
781 466 924 508 praefato
944 473 945 478 ¹

196 525 297 553 status
322 525 353 553 et
378 521 487 561 regula
513 520 646 551 fratrum
666 519 824 550 Minorum
846 528 924 560 pure

197 574 404 610 observetur,
430 571 627 613 singulisque
659 571 810 602 fratribus
834 580 925 611 prae-

195 630 298 658 tentis
323 635 391 657 eam
418 622 674 665 transgrediendi
689 622 924 665 praecludatur,

195 678 341 710 eamdem
378 675 647 718 protestationem
681 679 713 706 et
737 673 927 705 declaratio-

195 739 269 762 nem
293 738 388 770 supra
411 737 596 770 expressam
629 727 741 758 harum
766 725 849 757 serie
874 735 926 756 au-

194 780 324 813 toritate
350 779 526 822 apostolica
555 779 773 821 approbantes
797 781 829 809 et
852 786 926 808 con-

195 833 377 870 firmantes,
414 836 503 864 motu
539 830 673 873 proprio
706 840 741 862 ac
773 839 808 861 ex
839 830 925 860 certa

195 884 330 916 scientia
353 889 384 915 et
407 885 530 915 matura
544 881 776 915 deliberatione
798 880 925 919 nostris,

196 937 300 979 deque
314 936 509 978 apostolicae
527 934 696 977 potestatis
714 933 925 976 plenitudine,

195 993 311 1020 tenore
336 987 553 1030 praesentium
585 986 786 1018 declaramus
812 994 925 1016 omnes

197 1045 229 1073 et
252 1041 395 1082 singulos
430 1040 546 1071 fratres
580 1039 619 1071 de
649 1047 785 1080 corpore
810 1037 927 1070 Obser-

196 1092 323 1124 vantiae
349 1091 426 1123 dicti
443 1090 570 1123 Ordinis
588 1090 690 1122 teneri
709 1090 740 1121 in
759 1089 926 1121 conscien-

196 1144 241 1176 tia
263 1145 436 1176 observare
454 1143 600 1185 regulam
619 1142 753 1173 fratrum
770 1141 926 1173 Minorum

197 1196 298 1228 sancti
334 1195 495 1227 Francisci
527 1201 559 1227 et
588 1199 760 1236 praecepta
784 1204 802 1225 a
826 1193 928 1225 felicis

197 1247 430 1280 recordationis
454 1246 585 1278 Nicolao
609 1245 647 1277 ΙΙΙ
671 1251 703 1277 et
725 1245 887 1277 Clemente
905 1245 927 1275 V

198 1299 350 1331 Romanis
383 1297 591 1330 Pontificibus
626 1297 928 1339 praedecessoribus

198 1351 318 1384 nostris
337 1350 482 1393 exposita
498 1355 527 1382 et
545 1355 708 1381 numerata
729 1349 767 1382 ad
785 1359 928 1382 normam

199 1403 462 1436 constitutionum
480 1401 716 1445 praedictarum
739 1402 928 1444 respective,

200 1461 230 1488 et
244 1456 420 1498 signanter,
438 1459 567 1497 praeter
580 1459 750 1497 praecepta
768 1465 848 1497 quae
867 1465 929 1487 non

199 1508 243 1540 ita
269 1508 454 1550 frequenter
471 1511 644 1539 occurrunt
664 1512 694 1538 et
711 1507 931 1539 recitationem

200 1559 298 1592 divini
324 1558 433 1598 officii,
452 1558 552 1590 teneri
571 1558 610 1591 ad
627 1558 745 1590 ieiunia
762 1565 931 1601 praecepta

200 1612 234 1643 in
259 1612 385 1652 regula,
411 1610 473 1642 nisi
507 1615 637 1642 excuset
663 1610 838 1642 necessitas
858 1637 865 1650 ,
892 1611 930 1643 ad
951 1622 953 1644 l

201 1663 415 1696 incedendum
439 1662 509 1694 sine
534 1662 772 1701 calceamentis,
798 1662 860 1695 hoc
885 1667 932 1694 cst

203 1717 322 1758 absque
347 1715 454 1756 aliquo
492 1715 577 1756 quod
601 1714 717 1756 pedem
742 1714 929 1756 cooperiat,

203 1767 433 1809 cuiuscumque
458 1766 538 1799 illud
561 1766 713 1798 materiae
734 1766 782 1805 sit,
799 1766 860 1798 nisi
878 1767 932 1798 ad-

204 1820 244 1853 sit
267 1830 340 1852 vera
367 1819 541 1852 necessitas
562 1829 580 1850 a
603 1819 726 1860 prelato
751 1819 933 1860 approban-
952 1826 954 1840 ³

204 1873 252 1911 da,
279 1872 318 1904 ad
343 1881 408 1903 non
433 1871 653 1913 equitandum,
680 1870 740 1902 nisi
766 1870 933 1902 infirmitas

204 1926 255 1958 vel
280 1923 454 1956 necessitas
490 1922 608 1954 iudicio
633 1922 831 1964 superiorum
860 1933 934 1964 pro-

205 1977 277 2009 bata
295 1980 433 2014 excuset,
452 1975 492 2007 ad
516 1974 670 2006 vilitatem
688 1973 825 2006 vestium
849 1975 935 2006 iuxta

205 2028 385 2071 praedictas
410 2026 655 2059 constitutiones
673 2027 869 2068 respective,
897 2027 934 2058 ad

206 2091 269 2113 non
290 2080 445 2112 utendum
462 2078 608 2121 pluribus
625 2078 822 2111 vestimentis
842 2089 935 2122 quam

207 2134 271 2166 illis
310 2142 392 2175 quae
427 2133 536 2173 regula
567 2131 781 2173 praescribit,
818 2141 935 2174 nempe

206 2188 270 2218 una
300 2186 411 2218 tunica
441 2194 513 2216 cum
546 2184 672 2226 caputio
708 2189 740 2216 et
776 2184 837 2217 alia
868 2184 935 2216 sine

207 2237 334 2280 caputio
351 2264 358 2276 ‚
384 2237 505 2268 chorda
536 2241 568 2268 et
600 2235 830 2276 femoralibus,
864 2246 936 2268 nam

208 2290 293 2322 aliud
329 2289 464 2332 quodvis
500 2287 680 2320 vestimenti
719 2297 819 2329 genus
852 2289 937 2320 ultra

208 2342 371 2384 praedicta
402 2342 556 2383 (excepto
589 2340 742 2372 mantello
777 2340 816 2371 ab
848 2340 936 2373 initio

209 2392 377 2435 religionis
403 2392 518 2433 licito),
544 2396 577 2422 ut
602 2390 738 2430 indusia,
765 2401 818 2423 seu
843 2392 938 2423 caini-

210 2445 287 2484 siae,
315 2444 487 2482 sudariola,
519 2444 708 2482 tunicellae,
739 2448 770 2475 et
801 2443 934 2482 similia,

211 2503 286 2529 sunt
301 2502 412 2529 contra
437 2497 594 2538 regulam,
613 2495 673 2527 nisi
692 2495 776 2527 adsit
791 2505 865 2528 vera
881 2507 936 2528 ne-

212 2549 340 2582 cessitas
359 2558 516 2581 excusans
541 2558 558 2579 a
581 2552 755 2590 praecepto
771 2556 829 2590 per
845 2558 936 2590 prae-

965 259 1061 290 latum
1086 258 1283 301 approbata;
1309 269 1346 291 ac
1370 258 1499 291 demum
1530 258 1631 291 teneri
1657 258 1696 290 ad

965 309 1101 351 capitale
1126 315 1335 353 praeceptum
1367 310 1531 352 religionis
1563 310 1696 342 fratrum

967 361 1122 393 Minorum
1138 362 1176 394 de
1191 372 1254 394 non
1270 362 1464 404 recipiendis
1479 362 1620 394 denariis
1637 372 1697 404 per

967 423 998 445 se
1022 414 1070 445 vel
1093 423 1151 455 per
1181 414 1401 458 interpositam
1426 424 1606 457 personam,
1625 415 1697 446 alia-

967 476 1035 496 rum
1056 466 1141 498 enim
1160 477 1267 498 rerum
1287 467 1541 499 necessariarum
1562 472 1698 510 possunt

968 518 1080 549 fratres
1104 518 1242 550 Minores
1263 518 1301 551 de
1318 529 1452 561 corpore
1471 519 1698 552 Observantiae

968 569 1149 601 huiusmodi
1176 569 1296 601 habere
1323 581 1428 609 usum,
1454 571 1529 603 licet
1552 582 1615 604 non
1641 572 1698 604 do-

968 620 1119 660 minium,
1140 621 1348 653 >denariorum
1379 627 1484 654 autem
1508 633 1567 655 nec
1600 623 1699 656 dorni·

968 672 1056 703 nium
1088 682 1148 704 nec
1181 683 1294 712 usum,
1328 678 1360 705 et
1394 675 1532 716 proinde
1568 675 1698 717 quaevis

968 724 1179 757 contractatio
1211 725 1376 767 pecuniae,
1402 736 1458 758 seu
1484 726 1696 765 danariorum,

969 785 1049 818 quae
1074 786 1140 808 non
1165 776 1206 808 sit
1228 787 1308 819 pure
1334 778 1507 818 naturalis,
1533 788 1589 810 seu
1616 789 1698 821 quae

968 828 1008 859 sit
1032 828 1141 870 quovis
1174 829 1270 861 modo
1296 829 1444 871 politica,
1469 830 1699 873 cuiuscumque

970 878 1089 911 domini
1115 879 1177 911 sint
1202 880 1324 912 denarii
1347 891 1402 913 seu
1427 881 1700 923 pecunia,frat1·i-

968 931 1026 963 bus
1051 931 1226 964 Minoribus
1241 932 1493 965 Observantibus
1514 944 1569 966 seu
1588 934 1626 966 de
1643 934 1700 966 Ob-

969 984 1129 1015 servantia
1152 989 1199 1016 est
1224 985 1354 1017 omnino
1371 985 1554 1027 prohibita;
1574 996 1610 1018 ac
1627 997 1701 1029 pro-

968 1039 1078 1077 pterea
1094 1045 1205 1068 omnes
1222 1041 1253 1068 et
1270 1036 1411 1078 singulas
1431 1037 1699 1080 dispensationes,

969 1087 1195 1120 concessiones
1221 1093 1253 1121 et
1276 1090 1544 1129 consuetudines,
1568 1091 1593 1123 si
1618 1102 1700 1133 quae
1734 1118 1739 1126 ⁷.

970 1144 1082 1171 contra
1105 1141 1281 1182 praemissa
1305 1141 1337 1173 in
1362 1152 1499 1184 corpore
1524 1142 1701 1175 Observan-

971 1191 1031 1222 tiae
1048 1190 1174 1223 Ordinis
1192 1193 1348 1234 praedicti
1364 1194 1578 1236 reperiantur,
1595 1199 1697 1234 m‘otu,
1728 1186 1737 1208 ²³

970 1244 1110 1282 scientia,
1136 1244 1369 1278 deliberatione
1394 1251 1426 1278 et
1450 1247 1615 1288 potestatis
1633 1248 1702 1290 ple-

971 1295 1117 1328 nitudine
1132 1297 1272 1338 paribus,
1290 1299 1475 1340 earumdem
1491 1304 1604 1331 tenore
1614 1309 1703 1342 prae-

970 1348 1117 1387 sentium,
1137 1357 1331 1385 revocamus,
1345 1360 1516 1389 cassamus,
1539 1351 1702 1384 irritamus

973 1405 1004 1431 et
1024 1401 1232 1438 annullamus,
1259 1401 1447 1444 viribusque
1472 1407 1504 1435 et
1521 1402 1634 1435 ell'ectu
1649 1414 1703 1445 pe-

973 1453 1058 1484 nitus
1084 1458 1116 1485 et
1139 1454 1270 1486 omnino
1294 1464 1488 1493 revocamus,
1513 1465 1550 1486 ac
1574 1466 1702 1488 revoca-

951 1531 952 1540 ,
973 1510 1028 1543 tas,
1050 1510 1200 1545 cassatas,
1217 1505 1322 1537 irritas
1340 1511 1372 1538 et
1385 1508 1499 1545 nullas,
1517 1507 1701 1550 viribusque

973 1563 1004 1590 et
1029 1557 1142 1590 ell'ectu
1163 1558 1291 1600 penitus
1308 1564 1339 1590 et.
1355 1558 1486 1591 omnino
1501 1570 1615 1591 vacuas
1633 1570 1702 1592 esse

974 1615 1005 1641 ct
1030 1614 1187 1652 perpetuo
1213 1610 1279 1642 sore
1312 1610 1513 1643 decernimus
1545 1616 1576 1643 et
1601 1612 1705 1644 decla·
1743 1606 1751 1624 ‘³'

974 1672 1090 1694 ramus.
1118 1662 1320 1695 Declarantes
1344 1668 1451 1695 tamen
1477 1664 1596 1706 pariter
1616 1665 1702 1707 quod

974 1724 1031 1755 per
1056 1714 1232 1756 praemissa
1252 1724 1316 1746 non
1335 1715 1548 1756 prohibentur
1566 1715 1596 1747 in
1618 1716 1703 1748 dicto

974 1765 1092 1798 Ordine
1124 1766 1246 1808 syndici
1275 1766 1460 1808 apostolici,
1487 1777 1557 1798 cum
1591 1778 1704 1800 eorum

975 1828 1050 1849 usus
1076 1827 1140 1850 nou
1166 1818 1205 1849 sit
1229 1818 1425 1860 dispensatio
1451 1819 1482 1850 in
1500 1821 1623 1861 regula,
1646 1821 1704 1853 sed

975 1871 1088 1902 modus
1113 1881 1130 1902 a
1155 1870 1306 1902 Romanis
1334 1871 1541 1904 Pontificibus
1566 1873 1704 1914 praede-

975 1923 1156 1954 cessoribus
1182 1922 1299 1954 nostris
1324 1922 1472 1964 provisus
1497 1933 1556 1965 pro
1581 1923 1705 1965 puriori

976 1974 1060 2006 illius
1077 1975 1308 2013 observatione,
1327 1975 1390 2007 sive
1408 1975 1563 2008 eiusmodi
1581 1976 1704 2018 syndici

976 2033 1178 2059 assumantur
1195 2027 1233 2059 ad
1258 2028 1488 2070 praescriptum
1507 2028 1707 2060 constitutio-

977 2089 1051 2110 num
1076 2078 1196 2111 Nicolai
1221 2078 1259 2110 III
1285 2083 1316 2110 et
1339 2079 1512 2111 Clementis
1531 2079 1553 2110 V
1573 2080 1708 2122 praede-

977 2141 1140 2163 cessorum
1171 2131 1404 2172 praefatorum,
1433 2131 1498 2163 sive
1530 2131 1706 2163 secundum

977 2183 1225 2225 dispositionem
1239 2183 1502 2215 constitutionum
1516 2183 1707 2214 recolendae

977 2234 1152 2267 memoriae
1178 2234 1352 2266 memoriae
1377 2234 1501 2266 Martini
1527 2234 1562 2266 lV
1583 2240 1614 2266 et
1630 2234 1709 2266 Mar-

978 2287 1034 2319 tini
1059 2287 1081 2318 V
1106 2297 1141 2318 ac
1165 2286 1251 2318 Pauli
1277 2287 1312 2318 lV
1337 2287 1624 2328 praedecessorum
1657 2296 1709 2328 pa-

977 2340 1056 2371 riter
1079 2344 1275 2378 nostrorum,
1301 2344 1397 2380 prout
1421 2338 1550 2370 illorum
1575 2349 1650 2370 usus
1676 2338 1708 2370 in

979 2391 1112 2433 singulis
1129 2391 1264 2429 familiis,
1280 2391 1591 2432 congregationibus,
1607 2391 1710 2423 resor-

979 2443 1185 2481 mationibus,
1210 2448 1264 2474 aut
1287 2442 1461 2484 provinciis
1478 2442 1604 2474 Ordinis
1621 2452 1709 2485 prae-

979 2496 1053 2528 dicti
1078 2495 1255 2537 respective
1281 2494 1378 2526 fuerit
1400 2500 1563 2536 receptus.

1021 2548 1036 2591 ᾗ
1059 2547 1090 2581 3.
1118 2547 1156 2579 Ut
1179 2552 1284 2579 autem
1308 2546 1341 2579 in
1370 2546 1516 2589 ingressu
1541 2546 1709 2589 religionis

1595 200 1658 233 ⁶215
1703 208 1753 236 An.
1774 209 1885 237 (3.1679
1913 244 1915 247 ¹

1764 2550 1902 2572 Observauda
