2111 3157
3 203 53 231 An.
69 201 98 230 C.
121 201 188 229 1679

192 249 400 293 prohibemus
430 250 511 292 patri
548 249 746 293 praesidenti
771 249 922 292 capituli,

191 302 273 344 patri
298 302 497 345 provinciali,
516 308 545 334 et
563 302 633 334 aliis
658 301 801 344 patribus
825 300 923 333 euius-

190 363 326 396 cumque
352 353 526 386 definitorii
561 354 655 386 etiam
682 353 811 396 capituli
840 363 918 395 pro-

189 405 348 446 vincialis,
364 417 490 439 necnon
508 407 761 449 quibuscumque
779 405 849 438 aliis
867 416 919 437 su-

188 459 370 501 perioribus
389 459 483 491 etiarn
500 459 664 497 localibus,
683 459 740 490 sub
758 457 920 500 praedicta

188 513 296 554 poena
319 511 509 554 privationis
537 511 623 543 vocis
653 510 773 543 activae
799 515 830 542 et
854 521 920 552 pas-

188 562 285 603 sivae,
311 573 350 596 ne
375 563 414 596 ad
439 563 570 605 aliquod
594 562 733 595 officium
757 564 805 595 vel
830 562 919 595 mini-

187 616 320 648 sterium
345 616 441 648 etiam
465 626 529 648 non
555 615 735 655 electivum,
758 620 821 647 tum
847 626 917 647 cum

187 671 262 701 cura
279 668 457 700 animarum
472 668 569 700 etiam
587 668 746 707 Indorum,
766 673 831 700 tum
848 668 917 700 sine

186 719 250 759 illa,
272 725 338 752 tum
363 730 434 752 cum
459 720 681 752 iurisdictione
708 720 803 753 etiam
831 721 918 753 dele-

186 775 279 814 gata,
305 777 373 805 tum
410 773 478 805 sine
515 773 587 811 illa,
614 773 708 805 etiam
741 774 799 805 sub
826 773 916 806 titulo

184 824 310 865 vicarii,
333 825 506 857 visitatoris
543 826 591 858 vel
626 825 914 865 administratoris,

185 887 240 909 seu
264 877 322 909 sub
347 877 410 910 alio
435 888 639 920 quocumque
666 877 758 910 titulo
786 879 835 910 vel
859 889 917 910 no-

184 929 280 970 mine,
295 930 433 973 aliquem
457 932 506 963 vel
532 931 657 973 aliquos
682 941 718 963 ex
744 931 917 973 praedietis

184 986 321 1024 quatuor
344 982 567 1015 definitoribus
592 983 768 1026 respective
786 994 917 1026 promo-

182 1040 279 1067 veant
302 1035 351 1067 vel
376 1035 584 1077 provideant,
603 1045 662 1068 nee
686 1035 746 1078 ipsi
773 1037 917 1069 definito-

183 1097 246 1126 res,
261 1088 311 1120 vel
332 1087 446 1130 aliquis
467 1098 593 1127 eorum,
612 1088 670 1120 sub
685 1088 795 1121 eadem
811 1092 916 1132 poena

183 1139 371 1182 privationis
387 1166 394 1179 ,
421 1140 659 1182 promotionem
683 1142 733 1173 vel
757 1141 916 1184 provisio-

182 1201 257 1224 nem
282 1192 422 1234 aliquam
447 1193 512 1225 ullo
536 1193 632 1225 modo
664 1199 834 1236 acceptent
864 1195 914 1227 vel

184 1249 373 1279 exerceant:
391 1244 515 1276 irritum
533 1244 666 1287 insuper
682 1256 718 1277 ae
735 1245 828 1278 inane
843 1246 914 1289 ipso

181 1296 264 1329 facto
292 1302 323 1329 et
341 1297 459 1339 absque
477 1296 538 1329 alia
563 1297 778 1330 declaratione
803 1298 915 1331 decer-

181 1354 296 1381 nentes
333 1348 489 1392 quidquid
520 1349 553 1380 in
578 1349 774 1382 contrarium
800 1351 913 1393 quovis

181 1401 276 1434 modo
299 1400 369 1434 fieri
394 1402 442 1434 vel
467 1401 616 1434 attentari
641 1402 824 1445 contigerit.

17 1467 46 1489 ne
61 1467 122 1488 mono
144 1467 172 1487 re·
225 1463 294 1486 vm.
321 1454 552 1487 Provincialem
576 1455 759 1497 processari
774 1482 781 1494 ,
807 1455 913 1489 officio

1 1494 73 1550 ianssl'iii-
89 1496 172 1549 {52¹3ssss
182 1506 311 1549 privari,
332 1512 386 1540 aut
409 1508 449 1540 ab
470 1508 585 1540 eodem
605 1509 771 1551 suspendi,
786 1510 835 1541 vel
854 1510 914 1542 alia

0 1547 48 1596 3:2¹3*
58 1547 171 1602 'lffftiffllsssslss
181 1559 288 1602 puniri
314 1563 418 1602 poena
449 1560 545 1593 etiam
565 1571 626 1603 per
649 1561 843 1594 sententiam
861 1563 915 1595 de-

0 1600 383 1648 liinumffl'ffiqueclaratoriam
412 1624 477 1647 non
501 1624 597 1657 posse
622 1614 833 1655 declaramus,
854 1615 913 1648 nisi

182 1666 215 1698 in
240 1666 425 1700 definitorio
461 1667 593 1710 capituli
625 1668 834 1710 provincialis
864 1671 914 1702 vel

182 1720 444 1762 congregationis
460 1721 692 1760 intermediae;
715 1721 755 1754 de
773 1721 810 1754 iis
829 1723 914 1755 enim

182 1773 353 1812 dumtaxat,
372 1783 439 1806 non
462 1783 538 1806 vero
559 1773 597 1806 de
619 1773 804 1807 definitorio
829 1776 915 1817 eapi-

182 1825 241 1858 tuli
265 1825 390 1868 privati,
406 1825 653 1868 intelligendum
675 1836 745 1859 esse
771 1827 915 1860 deelara-

181 1888 251 1911 mus
274 1877 494 1911 ‘definitorium
518 1877 714 1921 provinciae,
736 1889 754 1912 a
770 1890 834 1922 quo
859 1890 916 1913 no-

182 1935 267 1964 strae
285 1941 394 1964 sacrae
413 1930 713 1974 constitutiones,p.
726 1941 774 1972 111,
792 1942 914 1974 capu,

182 1983 197 2026 ἓ
213 1983 242 2024 9,
259 1984 489 2027 provincialem
507 1984 707 2026 puniendum
721 1984 912 2018 decernunt.

182 2036 265 2069 Hinc
288 2037 502 2070 revocandum
527 2047 705 2076 censemus,
722 2043 816 2079 prout
841 2048 914 2070 cuni

183 2088 299 2122 effectu
323 2099 511 2122 revocamus
529 2089 693 2122 decretum
714 2090 915 2123 reverendis-

183 2141 256 2174 simi
288 2142 461 2175 Valvasorii
492 2143 754 2185 praedecessoris
787 2144 912 2184 nostri,

183 2206 246 2238 quo
260 2206 319 2238 pro
337 2195 503 2238 punitione
521 2195 620 2238 patris
639 2196 844 2238 provincialis
861 2198 916 2229 de-

182 2247 358 2280 finitorium
384 2248 515 2290 capituli
547 2247 663 2290 privati
690 2253 761 2280 octo
787 2254 914 2291 patrum

182 2300 348 2333 stabilivit.
367 2300 501 2343 Insuper
518 2300 715 2343 privationiS,
732 2301 916 2344 suspensio-

184 2353 250 2393 nis,
276 2354 326 2385 vel
359 2353 453 2386 aliam
485 2352 665 2396 respective
698 2363 854 2396 poenam,
883 2359 917 2386 ut

183 2416 290 2448 supra,
306 2405 514 2449 provincialis
530 2415 593 2438 non
612 2405 734 2445 subeat,
747 2406 819 2446 nisi,
836 2407 915 2440 iuris

185 2458 299 2491 ordine
324 2463 473 2498 servato,
499 2459 540 2491 ob
565 2468 717 2491 excessus
749 2460 798 2491 vel
823 2471 915 2492 casus

185 2521 246 2555 pro
270 2511 369 2553 ipsius
389 2511 567 2554 privatione
583 2512 632 2543 vel
650 2512 860 2554 suspensione
886 2513 918 2545 in

186 2563 468 2597 constitutionibus
482 2573 666 2606 expressos:
681 2569 815 2606 propter
829 2575 918 2607 quos-

272 2625 350 2653 Bau.
372 2626 454 2653 Rom.
471 2639 504 2645 —
523 2625 580 2653 Vol.
597 2625 673 2652 XIX.
817 2627 852 2654 20

762 200 972 225 INNOCENTIUS
992 202 1023 225 XI
1049 201 1096 225 Pr.

1598 182 1662 223 1553

1708 188 1754 225 iifl.
1768 193 1798 226 e.
1823 199 1899 226 1679'

965 249 1120 291 metipsos
1145 247 1306 281 dumtaxat
1334 244 1492 281 excessus
1530 249 1578 281 vel
1604 258 1696 279 casus
1742 252 1747 254 “

964 301 1164 343 respective,
1198 312 1233 334 ac
1272 302 1303 334 in
1342 301 1525 334 delinitorio
1564 300 1696 343 capituli

964 354 1173 395 provincialis
1190 355 1237 386 vel
1259 353 1519 397 congregationis
1545 353 1697 385 interme—

964 404 1034 437 diae
1062 410 1183 438 tantum
1203 407 1250 449 (ut
1268 407 1305 439 de
1331 412 1420 449 patre
1442 405 1630 449 provinciali
1650 406 1697 437 di-

963 462 1048 490 ctum
1075 459 1145 497 est),
1164 464 1271 501 patres
1297 459 1499 498 definitores,
1526 459 1696 501 exprovin-

963 510 1076 542 cialem
1093 511 1325 551 immediatum,
1343 511 1623 554 expraesidenteni
1642 511 1697 543 im-

962 562 1146 601 mediatum,
1162 567 1193 595 et
1218 563 1398 595 visitatores
1416 563 1599 606 provinciae
1625 573 1695 606 pro-

961 613 1095 653 eessari,
1121 624 1282 657 voceque,
1311 616 1423 648 officiis
1449 620 1503 647 aut
1528 615 1691 657 gradibus,

961 664 1040 698 iuris
1059 670 1165 698 tamen
1181 667 1293 698 ordine
1316 673 1453 706 servato,
1472 668 1626 710 suspendi
1645 669 1693 700 vel

960 718 1092 760 privari,
1119 724 1172 750 aut
1196 729 1369 761 suspensos
1401 721 1449 752 vel
1475 720 1616 762 privatos
1639 721 1695 752 de-

961 770 1075 802 clarari
1094 780 1199 813 posse,
1219 771 1314 804 etiam
1334 772 1547 804 declaramus:
1567 772 1692 804 irritum

961 827 992 854 et
1015 823 1110 856 inane
1135 823 1206 866 ipso
1238 825 1321 857 sacto
1352 830 1384 857 et
1408 826 1529 867 absque
1554 825 1616 857 alia
1641 826 1695 857 de-

960 875 1135 908 claratione
1161 877 1371 910 decernentes
1391 877 1544 920 quidquid
1559 883 1694 920 propter

960 927 1040 960 alios
1065 938 1213 961 excessus
1242 930 1289 961 vel
1315 940 1423 969 casus,
1449 935 1501 962 aut
1525 929 1588 962 alio
1616 936 1694 962 tem—

960 990 1051 1022 pore,
1072 991 1128 1013 seu
1143 981 1220 1013 iuris
1243 982 1357 1014 ordine
1378 992 1441 1015 non
1461 988 1602 1021 servato,
1622 993 1694 1015 con-

961 1037 1009 1064 tra
1034 1039 1157 1075 patrem
1182 1034 1415 1076 provincialem
1446 1039 1636 1078 ceterosque
1662 1040 1694 1067 et

959 1085 1104 1127 singulos
1138 1087 1318 1119 nominatos
1347 1093 1455 1130 patres
1481 1087 1549 1120 fieri
1575 1089 1623 1120 vel
1649 1093 1693 1120 at-

961 1138 1075 1170 tentari
1103 1139 1291 1182 contigerit:
1318 1141 1416 1172 verba
1447 1151 1587 1183 namque
1618 1152 1694 1174 con-

958 1191 1168 1232 stitutionum,
1184 1197 1266 1235 part.
1290 1202 1334 1232 111,
1354 1203 1424 1235 cap.
1443 1203 1494 1231 xn,
1517 1193 1531 1236 ἓ
1556 1193 1605 1233 ⁶20,
1628 1194 1689 1226 ihi:

957 1243 1057 1275 Prior
1081 1245 1295 1286 provincialis
1323 1246 1441 1288 polerit
1472 1256 1522 1278 eos
1548 1246 1692 1288 (scilicet

958 1295 1154 1339 visitatores)
1172 1297 1331 1340 corriyere
1356 1302 1384 1330 et
1405 1298 1544 1340 punire,
1567 1299 1605 1331 de
1623 1310 1693 1331 cor-

958 1348 1103 1381 rectione
1128 1353 1159 1381 et
1184 1350 1352 1392 punitione
1386 1351 1527 1393 regulari
1553 1352 1591 1383 ad
1618 1362 1692 1394 poe-

958 1400 1127 1433 nitenti-<un
1152 1402 1502 1446 extraiudieialiterque
1527 1404 1692 1447 imponen-

958 1453 1016 1491 dis,
1030 1458 1061 1486 et
1085 1464 1151 1486 non
1176 1454 1277 1494 aliter,
1303 1465 1409 1498 neque
1434 1457 1496 1488 alio
1522 1456 1630 1495 inodo,
1645 1457 1692 1488 in-

958 1506 1135 1548 telligenda
1154 1517 1224 1539 esse
1245 1508 1456 1540 declaramus.
1480 1509 1603 1549 Verum,
1619 1520 1691 1541 cum

957 1559 1130 1600 praedietis
1149 1559 1294 1602 patribus
1311 1561 1344 1592 in
1362 1560 1547 1594 delinitorio
1565 1562 1637 1594 novi
1656 1573 1692 1594 ac

958 1610 1134 1644 immediati
1161 1613 1292 1655 capituli
1318 1613 1546 1656 provincialis,
1580 1621 1691 1658 utpote

959 1674 1088 1696 suorum
1119 1665 1298 1697 officiorum
1333 1672 1478 1710 tempore
1512 1668 1572 1700 iarn
1604 1679 1694 1701 com-

958 1717 1065 1758 plete,
1092 1718 1278 1760 praedictae
1311 1729 1436 1761 poenae
1472 1720 1689 1763 privationis,

958 1770 1181 1812 suspensionis
1206 1771 1254 1803 vel
1280 1771 1493 1814 depositionis
1511 1773 1550 1805 ab
1577 1774 1690 1806 officiis

958 1824 1142 1856 nullatenus
1168 1824 1290 1866 imponi
1316 1825 1463 1867 possint,
1489 1826 1692 1868 praedictum

959 1875 1175 1909 delinitorium
1194 1877 1332 1919 ‘capituli
1357 1878 1562 1920 provincialis
1585 1890 1694 1911 reeen-

958 1928 1034 1960 sitas
1058 1939 1189 1971 poenas,
1208 1929 1296 1962 iuxta
1315 1940 1463 1963 excessus
1483 1936 1589 1963 tamen
1616 1942 1694 1974 qua-

958 1982 1092 2021 litatem,
1107 1987 1304 2015 commutare
1328 1983 1459 2015 debebit
1484 1984 1515 2016 in
1541 1983 1693 2026 privatio-

959 2045 1032 2066 nem
1064 2034 1330 2077 privilegiorum,
1354 2036 1451 2076 vocis,
1476 2036 1524 2068 vel
1556 2036 1589 2068 in
1614 2037 1693 2069 alias

958 2088 1135 2130 respective
1153 2098 1272 2131 poenas
1293 2088 1594 2132 indispensabiliter
1617 2091 1693 2123 sub·

960 2141 1093 2173 eundas.

1004 2204 1044 2226 ix.
1071 2193 1100 2225 Si
1128 2194 1198 2236 quis
1231 2194 1437 2227 definitorum
1474 2206 1509 2228 ex
1544 2196 1604 2229 bac
1629 2197 1691 2230 vita

959 2246 1163 2287 migraverit,
1188 2248 1235 2279 vel
1261 2248 1438 2280 inevitabili
1465 2249 1573 2292 aliquo
1600 2261 1692 2293 prae-

959 2298 1087 2340 peditus
1104 2299 1337 2341 impedimento
1358 2310 1473 2333 munus
1493 2311 1585 2334 suum
1606 2312 1695 2335 exer-

959 2362 1030 2384 cere
1056 2362 1120 2385 non
1141 2353 1290 2394 potuerit,
1308 2358 1364 2385 aut
1388 2353 1433 2386 illi
1460 2353 1551 2387 iustis
1570 2365 1605 2388 ex
1624 2367 1695 2388 cau-

960 2405 1003 2437 sis
1029 2405 1282 2445 renunciaverit,
1309 2411 1383 2438 tune
1411 2406 1480 2439 sine
1513 2411 1603 2441 mora
1635 2410 1696 2452 pri-

960 2468 1029 2489 mus
1051 2457 1202 2490 delinitor
1227 2468 1263 2490 ex
1290 2459 1391 2491 tribus
1416 2460 1543 2499 additis,
1562 2461 1617 2494 ille
1636 2462 1697 2494 sei-

961 2510 1034 2542 licet
1059 2510 1112 2552 qui
1127 2510 1242 2543 ceteris
1260 2512 1353 2553 plura
1367 2512 1517 2554 suffragia
1531 2513 1562 2545 in
1581 2524 1695 2547 eorum

962 2562 1120 2596 electione
1158 2563 1291 2605 habuit,
1325 2565 1451 2598 etiamsi
1482 2576 1594 2600 onmes
1631 2573 1694 2602 tres

1730 2206 1759 2227 Du
1779 2211 1828 2226 casu
1844 2211 1886 2230 quo

1704 2233 1789 2252 :letiviat
1809 2232 1886 2258 anquis

1704 2260 1845 2280 definiturum.
