2111 3157
27 206 73 232 ΑΒ.
89 203 118 231 C.
139 202 204 230 1687

215 255 310 294 atquc
334 252 455 285 nullam
481 251 576 283 fuisse
601 251 762 291 declarat,
792 256 818 282 et
849 250 943 281 talem

215 305 354 336 electum
383 304 568 346 incapacem
593 302 733 336 habendi
761 312 868 334 vocem
887 311 942 333 seu

215 355 399 398 suffragium
425 356 456 387 in
474 356 582 398 aliqua
606 354 770 387 functione
797 353 871 386 dicti
898 363 945 386 ea-

213 409 319 451 pituli.

257 472 271 492 i>
293 461 424 501 Deinde,
444 461 652 494 considerans
672 464 817 492 sanctum
832 457 943 491 delini-

212 513 330 546 toriurn
366 524 481 555 magna
505 519 536 546 et
558 512 772 546 intolerabilia
807 511 939 553 dispen-

213 565 284 605 dia,
310 576 393 608 quae
418 566 498 598 fiunt
521 565 554 597 in
579 564 727 607 capitulis
755 569 816 595 tam
846 573 943 604 gene-

211 617 332 650 ralibus
358 628 452 660 qnam
478 616 727 660 provincialibus
752 617 844 648 causa
870 614 943 647 reli-

211 670 388 713 giosorum,
414 670 466 713 qui
492 680 556 703 non
582 669 694 708 vocati,
723 679 783 701 nee
809 669 847 700 dc
873 678 943 700 cor-

210 733 291 765 pore
315 728 387 754 sunt
417 722 570 765 capituli,
596 731 655 753 nec
687 721 883 752 functionem
910 720 940 751 in

210 775 281 818 ipso
306 775 437 814 habent,
456 779 487 807 et
508 779 615 806 tamen
640 773 673 805 in
698 773 859 805 excessivo
886 783 942 803 uu-

210 837 299 858 mero
311 827 348 858 ad
363 826 536 869 capitulum
550 836 649 858 conen
657 831 760 857 rruut:
775 824 940 867 piat-cipit,

211 879 271 911 sub
303 880 406 921 poena
437 877 778 911 excommunicationis
811 876 947 918 maioris

49 471 79 492 Do
88 477 128 492 non
140 476 202 492 vom-

23 498 85 520 tibus.

210 932 293 964 latae
319 930 518 970 sententiae,
549 931 629 963 trina
654 930 807 963 canonica
833 929 938 962 moni<
961 946 962 954 κ

210 985 299 1016 tione
325 983 363 1016 de
392 983 462 1016 iure
487 983 674 1025 praemissa,
700 983 770 1025 ipso
797 983 878 1014 sacto
902 982 942 1013 in-

211 1037 383 1076 currenda,
403 1042 433 1069 et
452 1037 510 1069 sul)
524 1038 629 1079 poena
648 1035 836 1078 privationis
856 1034 941 1067 vocis

209 1089 330 1122 activae
361 1095 391 1122 et
415 1089 561 1132 passivae
586 1089 617 1120 in
642 1093 845 1131 perpetuum,
873 1085 962 1139 qui-J

808 200 1016 225 lxm-jiiatilvrtt's
1040 201 1067 223 xl
1094 201 1142 224 ΓΡ.

208 1142 268 1175 bus
300 1142 416 1185 poenis
442 1147 474 1174 et
498 1141 640 1174 censuris
673 1140 963 1173 irremissibiliterss

1614 191 1676 224 707

986 247 1131 280 decernit
1159 248 1244 290 qnod
1271 248 1300 279 in
1334 253 1501 290 posterum
1528 255 1715 290 procurator

985 301 1144 342 generalis
1167 300 1295 334 Ordinis
1320 301 1350 333 in
1375 301 1467 334 Curia
1490 301 1639 341 Romana,
1661 302 1714 344 qui

984 360 1111 399 vocatus
1125 354 1295 386 accesserit
1309 354 1346 386 ad
1361 354 1536 397 capitulum
1553 356 1715 397 generale,

986 405 1108 438 etiamsi
1129 411 1251 438 tantum
1268 407 1308 439 sit
1324 406 1496 449 insignitus
1513 408 1611 448 gradu
1629 418 1716 450 prae-

985 459 1122 497 scutati,
1143 469 1253 491 vocem
1278 465 1308 491 et
1331 459 1516 502 sull'ragium
1542 460 1658 493 habeat
1682 460 1714 492 in

985 511 1135 553 capitulo,
1169 517 1231 543 tam
1264 512 1369 554 quoad
1400 513 1591 545 electionem
1622 524 1712 546 reve-

986 563 1166 595 rendissimi
1191 565 1333 606 magistri
1358 565 1527 607 generalis,
1554 577 1650 608 quam
1676 567 1714 598 ad

985 626 1096 648 onmes
1113 616 1190 649 alias
1217 617 1397 650 functiones
1423 618 1596 651 delinitorii
1619 629 1716 661 gene·

985 668 1070 700 ralis.

1028 731 1040 750 7>
1061 720 1325 753 Animadvertens
1352 727 1445 754 ctiam
1468 728 1612 755 sanctum
1639 724 1715 757 deli-

985 772 1139 804 uitorium
1158 774 1342 814 gravissima
1369 775 1482 807 damna
1508 781 1539 807 ct
1568 776 1716 809 inconve-

985 825 1122 864 nientia,
1156 836 1236 868 quae
1270 833 1448 868 sequuntur
1473 828 1504 859 in
1541 829 1714 871 provinciis

984 877 1165 916 lndiarnm,
1195 888 1231 910 cx
1257 878 1329 918 hoc,
1350 880 1433 921 quod
1458 881 1715 914 reverendissimi

985 935 1091 971 patres
1125 930 1234 962 vicarii
1262 932 1445 972 generales¹
1480 943 1588 966 earum
1622 934 1715 968 insti-

1723 201 1770 227 An.
1787 201 1814 227 C.
1839 201 1904 229 ¹687

1754 734 1783 754 De
1796 735 1813 754 ii
1828 736 1909 755 naturi-

1726 760 1764 780 bus
1780 761 1891 783 levitarum.

961 1023 963 1027 y
985 987 1077 1014 tuunt
1100 982 1279 1015 visitatores
1303 984 1539 1026 provinciarum
1568 988 1617 1020 vel
1641 997 1716 1019 con-

983 1041 1132 1066 ventuum
1149 1035 1320 1077 religiosos
1334 1047 1397 1069 non
1421 1043 1642 1079 praesentatos
1656 1051 1716 1072 nec

983 1087 1160 1129 magistros,
1186 1094 1217 1120 et
1241 1088 1388 1121 similiter
1413 1100 1447 1122 ex
1475 1101 1532 1130 eo,
1558 1092 1655 1134 quod,
1680 1103 1714 1125 re

983 1150 1047 1172 non
1073 1139 1181 1172 debita
1205 1142 1386 1174 maturitate
1411 1143 1635 1184 considerata,
1662 1156 1715 1178 so-

207 1194 362 1238 punietur
386 1195 418 1226 in
445 1194 490 1227 eis
515 1194 693 1233 incurrens,
723 1193 809 1235 quod
834 1194 940 1225 nullus
960 1196 963 1229 1
983 1192 1048 1224 cios
1064 1203 1139 1225 snos
1164 1193 1275 1225 officiis
1301 1199 1328 1225 et
1357 1195 1533 1228 honoribus
1558 1196 1713 1229 dictarum

209 1247 391 1289 religiosus,
411 1247 642 1289 cuiuscumque
667 1246 783 1287 gradus
798 1273 806 1285 ,
838 1245 940 1288 quali·
960 1235 963 1285 l
983 1245 1218 1286 provinciarum
1237 1247 1394 1279 afficiunt:
1413 1248 1558 1280 decernit
1576 1255 1606 1281 et
1624 1260 1715 1292 prac-

209 1300 302 1339 tutis,
328 1302 377 1333 vel
403 1299 597 1333 conditionis
629 1299 788 1337 extiterit,
815 1298 860 1330 ire
891 1299 940 1330 vel
960 1286 963 1345 ξ
983 1297 1060 1339 cipit
1080 1298 1265 1330 reverendis
1291 1300 1439 1341 patribus
1465 1300 1592 1334 vicariis
1618 1313 1715 1343 gene-

209 1352 328 1384 intrare
353 1357 536 1395 praesumat
556 1351 586 1383 in
612 1351 789 1393 capitulum
813 1351 861 1382 vel
887 1350 942 1381 do-
960 1382 962 1409 ἱ
983 1349 1104 1381 ralilnis
1121 1349 1394 1393 lndia1·um,quod
1417 1352 1448 1383 in
1466 1359 1631 1395 posterum
1650 1365 1714 1387 non

208 1414 294 1436 mum
319 1405 461 1447 capituli,
476 1404 535 1436 nisi
561 1405 603 1436 sit
627 1404 665 1436 de
684 1414 819 1445 «torpore
840 1403 940 1445 ipsius
960 1411 962 1445 j
983 1403 1123 1434 audeant
1157 1413 1216 1435 nec
1252 1403 1376 1446 possint
1400 1406 1568 1438 nominare
1593 1408 1640 1439 vel
1671 1409 1717 1439 in-

209 1457 353 1500 capituli,
383 1458 431 1489 vel
458 1457 497 1490 de
523 1457 652 1490 licentia
678 1455 939 1488 reverendissimi
960 1496 962 1503 J
982 1454 1115 1487 stituere
1146 1454 1343 1488 visitatorem
1381 1456 1521 1500 aliquem
1560 1459 1613 1501 qui
1651 1471 1716 1492 non

209 1509 310 1552 patris
343 1510 503 1551 generalis
543 1511 591 1541 vel
630 1508 738 1540 vicarii
778 1508 939 1550 generalis
960 1537 961 1553 χ
983 1507 1021 1539 sit
1048 1507 1086 1539 ad
1108 1507 1212 1539 minus
1237 1514 1471 1550 praesentatus,
1490 1521 1549 1543 nec
1569 1513 1715 1544 conscire.

210 1561 307 1595 totius
331 1562 472 1595 Ordinis.
960 1564 962 1601 ξ
984 1559 1121 1591 oilicium
1146 1561 1195 1592 vel
1232 1561 1388 1593 honorem
1421 1562 1571 1604 religioso
1596 1565 1713 1601 alicui,

254 1627 267 1645 r>
286 1614 363 1648 Cum
387 1614 480 1646 etiam
507 1614 705 1657 pervenisset
731 1613 769 1645 ad
795 1613 940 1645 notitiam
960 1607 963 1666 I
984 1612 1047 1643 sive
1073 1613 1113 1644 sit
1137 1613 1204 1644 eius
1229 1613 1346 1652 socius,
1367 1614 1432 1647 sivo
1459 1626 1533 1654 non,
1559 1617 1618 1648 nisi
1646 1624 1718 1660 post.

209 1667 306 1700 huius
330 1667 430 1699 sancti
449 1667 621 1699 delinitorii
640 1676 770 1708 magnas
795 1665 942 1697 subortas
961 1669 963 1703 1
984 1665 1243 1707 quinquennium
1267 1666 1461 1708 completum
1480 1678 1495 1699 a
1515 1668 1565 1699 die
1585 1669 1716 1711 adopta-

209 1730 282 1753 esse
306 1720 567 1763 perturbationes
598 1719 627 1751 in
653 1718 817 1761 provincia
833 1718 941 1750 ltaliae
961 1707 963 1762 ξ
985 1717 1080 1749 tionis
1106 1717 1174 1749 eius
1200 1718 1231 1749 in
1256 1718 1355 1750 silium
1389 1719 1476 1751 illins
1510 1721 1716 1762 provinciae,

27 1627 56 1649 De
64 1627 197 1648 alternative.

210 1772 252 1806 ob
268 1783 332 1805 non
358 1777 513 1804 servatam
537 1771 759 1804 alternativam
784 1771 867 1803 inter
885 1771 942 1801 sra-
962 1800 963 1807 ,

209 1830 274 1857 tres
299 1825 391 1858 Italos
413 1830 444 1858 et
468 1824 670 1867 Hispanosin
689 1823 873 1866 provisione
897 1824 942 1855 os·
962 1835 963 1854 ς

209 1877 356 1910 ficiorum
387 1877 588 1916 vacantium,
615 1877 807 1909 resolutorie
842 1887 939 1919 prae·
962 1893 963 1900 κ

211 1929 290 1973 cipit
320 1935 354 1961 ut
385 1929 416 1961 in
449 1934 613 1972 posterum
645 1929 964 1971 indispensahiliteri

212 1982 402 2015 observetur
425 1982 587 2024 praedicta
607 1981 794 2014 alternativa
819 1988 849 2013 et
871 1991 944 2013 con-

212 2034 323 2068 cordia
347 2035 431 2067 inter
456 2034 550 2066 natos
575 2040 606 2066 et
630 2033 800 2076 Hispanos.

62 2097 91 2118 no
105 2102 203 2126 promm-
257 2100 270 2119 n
289 2087 378 2126 Item,
397 2097 597 2128 cognoscens
622 2086 682 2118 hoc
706 2092 850 2118 sanctum
869 2086 944 2119 desi-

23 2124 369 2174 ifilini‘eiiialiiis'uiifultorium
396 2150 489 2182 quam
515 2140 651 2171 multum
677 2140 838 2171 conducat
861 2141 945 2172 hono

215 2193 376 2226 communi
395 2192 560 2234 religionis
581 2192 666 2235 quod
693 2193 863 2225 reverendi
892 2204 946 2235 pa-

217 2252 281 2279 tres
310 2245 419 2278 vicarii
454 2246 622 2286 generales
656 2244 764 2277 ltaliae
797 2245 969 2277 intersint·

217 2298 365 2341 capitulis
382 2297 595 2339 generalibus,
617 2302 663 2335 ut,
687 2301 849 2340 tamquam
875 2308 949 2340 pro-

216 2356 380 2385 curatores
398 2351 564 2392 generales
581 2349 707 2382 Ordinis
728 2350 760 2381 in
780 2350 871 2383 Curia
888 2350 948 2383 no-

217 2402 486 2443 mana‚1·eserant
514 2401 698 2434 definitorio
726 2402 870 2444 generali
901 2413 949 2434 ra-

220 2456 339 2489 tionem
365 2460 484 2488 certam
502 2460 533 2487 et
552 2454 722 2486 statutum¹
741 2456 948 2497 negociorum

220 2508 429 2552 pendentium
460 2508 490 2540 in
518 2508 584 2550 ipsa
615 2506 725 2540 Curia:
752 2508 895 2541 declarat
920 2514 952 2541 et

257 2570 270 2600 1
292 2568 381 2596 Potius
399 2569 458 2605 lege
476 2571 579 2596 scalam
598 2570 635 2603 (fl.
647 2568 697 2599 T.).

986 1770 1015 1801 in
1041 1781 1105 1812 qua
1129 1770 1267 1803 osticium
1288 1772 1335 1803 rel
1354 1771 1512 1804 honorem
1538 1784 1717 1816 consequu-

986 1828 1073 1855 turus
1099 1823 1149 1855 sit.

1028 1888 1040 1906 n
1062 1877 1237 1909 attendens
1255 1883 1396 1910 sanctum
1413 1878 1631 1912 definitorium
1647 1891 1717 1922 gra·
1730 1888 1912 1939 0.0„.¹‚'‘'.3'1⁵.'G„‘}³⁵

1681 1934 1716 1939 ..
1749 1920 1752 1923 “
1796 1922 1814 1934 ω
1895 1930 1900 1935 .

987 1929 1034 1961 via
1059 1928 1339 1968 inconvenientia,
1366 1941 1447 1972 quae
1480 1938 1616 1973 possunt
1640 1944 1717 1965 oriri

987 1993 1022 2013 ex
1050 1992 1088 2013 eo
1113 1982 1200 2024 quod
1227 1983 1396 2014 reverendi
1417 1989 1521 2025 patres
1542 1985 1720 2027 provincia-

964 2040 966 2063 1
988 2036 1042 2071 les,
1060 2035 1112 2076 qui
1134 2045 1150 2066 a
1169 2037 1276 2066 nostra
1294 2035 1520 2069 constitutione
1538 2037 1719 2070 facultatem

990 2088 1111 2120 hahent
1154 2088 1283 2119 creandi
1327 2088 1462 2121 vicarios
1503 2090 1719 2132 provinciales

989 2150 1116 2172 suarum
1141 2140 1378 2182 provinciarum
1397 2141 1428 2172 in
1450 2142 1577 2174 casibus
1601 2143 1644 2175 ibi
1672 2154 1722 2175 ex-

991 2193 1121 2236 pressis,
1146 2193 1267 2233 eligant
1288 2193 1325 2225 ad
1345 2193 1406 2226 hoc
1420 2204 1534 2226 inimus
1551 2195 1721 2237 religiosos

991 2256 1053 2278 nun
1080 2245 1250 2286 magistros
1275 2256 1333 2277 nec
1358 2251 1596 2288 praesentatos:
1618 2248 1724 2280 decer-

992 2299 1037 2330 uit
1051 2303 1081 2330 et
1099 2297 1256 2340 praecipit
1273 2297 1365 2329 dictis
1381 2299 1566 2331 reverendis
1579 2300 1724 2341 patribus

991 2349 1253 2394 provincialibus,
1276 2350 1358 2391 qnod
1378 2350 1587 2393 imposterum
1602 2351 1632 2383 in
1651 2353 1725 2384 casi-

992 2404 1050 2435 bus
1068 2401 1304 2434 constitutionis
1322 2412 1385 2434 nou
1408 2403 1532 2444 possint
1555 2403 1724 2437 instituere

993 2455 1143 2487 vicarium
1170 2453 1402 2496 provincialem
1428 2465 1498 2487 eum
1525 2456 1579 2499 qui
1605 2457 1643 2489 ad
1669 2457 1726 2489 mi-

994 2518 1054 2540 uus
1071 2517 1133 2539 non
1153 2507 1192 2538 sit
1211 2506 1381 2549 insignitus
1395 2508 1495 2550 gradu
1514 2513 1722 2551 praesentati.

1030 2571 1041 2596 1
1063 2568 1134 2596 Edit.
1155 2568 1238 2596 Main.
1259 2569 1324 2604 legit
1342 2570 1486 2604 yeneralis
1505 2570 1543 2606 (n.
1564 2572 1614 2608 T.)-
