2111 3157
0 169 45 195 An.
65 167 93 195 C.
113 167 178 194 1678

767 164 978 190 INNOCENTH'S
999 165 1029 188 xi
1055 165 1102 188 111⁵.
1594 149 1658 183 15³7
1704 157 1755 184 An.
1774 157 1801 184 c.
1820 157 1886 183 1678

185 216 286 260 pturis
310 215 540 258 manuscriptis
572 216 621 248 vel
648 215 816 258 impressis
842 213 921 245 invi-
964 213 1069 254 primo
1105 212 1195 244 istius
1231 210 1394 250 nominis,
1421 209 1466 242 eis
1501 208 1694 240 insinuando

186 275 253 302 tare
271 280 336 302 non
356 271 442 302 solet
465 269 642 302 confratres
661 273 692 301 et
716 277 918 303 consorores,
962 265 1184 297 fundationem
1209 264 1283 297 dieti
1301 262 1428 296 Ordinis
1445 261 1503 294 sub
1527 263 1580 292 sua
1606 261 1696 292 invo-

185 332 224 354 eo
249 322 360 354 debito
386 328 535 364 tempore
560 320 754 354 conveniant
773 329 843 351 cum
866 319 920 350 de·
962 318 1086 350 catione
1121 318 1161 350 ad
1198 316 1456 359 redemptionem
1494 314 1695 356 captivorum

184 374 251 406 bita
275 375 506 417 preparatione
531 379 567 405 ut
585 373 665 405 tanti
691 372 768 404 boni
794 371 921 414 partiei-
962 369 1220 407 christianorum,
1239 368 1425 411 plenariam,
1446 372 1528 400 eto:

185 436 242 468 pes
269 425 347 459 fiant
375 426 537 468 (Clemens
566 425 629 457 vul
658 424 788 457 constit.
817 433 919 456 cctxu
1005 422 1060 454 Die
1086 423 1167 454 festo
1193 422 1223 454 S.
1244 420 1423 464 Raymundi
1449 419 1597 456 Nonnati,
1618 418 1694 450 ‹it-ii

187 484 219 511 et
242 479 421 520 cetxxxvi).
961 473 1089 506 Ordinis
1112 473 1305 516 professoris
1332 478 1363 505 et
1384 473 1414 505 S.
1436 472 1472 504 R.
1496 472 1530 504 E.
1551 471 1697 503 cardina-

229 530 314 568 Quae
340 530 506 563 concessio
531 528 720 562 confirmata
740 528 799 560 fuit
820 539 835 560 a
853 538 916 560 san-
962 525 999 557 lis
1018 525 1156 564 diaconi,
1173 535 1243 557 xxm
1261 524 1397 565 augusti,
1412 523 1602 567 plenariam,
1622 528 1696 554 etr.:

187 588 256 615 ctae
279 582 455 615 memoriae
481 581 645 614 Clemente
671 581 704 620 X,
725 586 823 623 prout
846 590 919 612 con-
963 584 1057 621 prout
1082 578 1174 610 latius
1203 588 1238 610 ex
1258 577 1349 609 Brevi
1368 577 1425 609 sub
1447 576 1556 608 datum
1574 575 1696 608 Romae

186 639 248 667 stat
270 644 328 676 per
348 634 449 666 Breve
478 633 538 665 sub
557 633 666 665 datum
690 632 811 665 Romae
836 633 919 674 apud
941 631 1012 677 &15¹³
1035 641 1075 663 xx
1099 630 1281 663 decembris
1305 640 1390 661 anno
1417 640 1459 661 1v.

186 685 217 718 S.
253 685 384 718 Mariam
430 685 584 717 ‘Maiorem
627 684 679 717 die
721 694 806 717 xxvn
846 684 918 716 maii
940 680 944 707 3
999 689 1063 716 Hoc
1084 687 1275 715 summarium
1302 686 1571 723 indulgentiarum,
1593 694 1696 722 procu-

185 747 360 778 mnctxxni,
374 737 578 780 pontificatus
604 737 748 769 eiusdem
773 747 858 769 anno
879 747 918 775 lv,
940 735 943 750 ‘
961 738 1055 764 ratore
1078 735 1198 764 Ordinis
1225 735 1354 763 instante
1371 755 1377 770 ‚
1398 734 1454 762 fuit
1475 743 1493 761 a
1514 732 1598 761 sacra
1619 733 1697 761 Con-

187 791 274 832 quod
298 790 434 833 incipit:
460 790 510 822 Em
541 790 691 822 iniuncta
722 790 826 829 nobis,
846 795 919 829 etc„
940 776 941 808 3
960 784 1134 821 grogntione
1155 783 1339 820 recognitum
1362 784 1392 811 et
1413 782 1616 819 approbatum.
1638 781 1696 808 Ro-

187 847 264 877 tom,
286 841 396 876 xvm‘,
961 842 1026 861 mae
1047 832 1095 861 die
1116 841 1180 860 xxn
1200 831 1367 860 novembris
1388 839 1571 858 mnecxxvm.

187 899 376 937 Indulgentiae
396 909 536 929 concessae
558 909 574 928 a
595 898 646 929 SS.
670 899 704 929 D.
730 899 764 929 N.
788 899 922 928 (itt-meme
1149 885 1184 916 A·
1211 883 1387 916 cardinalis
1412 883 1605 915 llOMODEUS.

226 946 302 987 Papa
322 947 352 976 Χ
368 948 491 977 omnibus
513 947 743 985 christifidelibus
765 951 815 976 etc.
1049 937 1152 969 LOCUS
1177 939 1200 977 ‘l‘
1221 936 1338 978 Sigilll.

231 999 377 1033 Clemens
402 1001 488 1043 Papa
512 1001 537 1032 X
570 1001 721 1033 omnibus
754 1001 922 1043 utrimque
943 974 946 1019 3
1030 989 1316 1021 inanisinanes
1333 984 1474 1026 Riccms,
1492 986 1694 1018 secretarius.

189 1063 283 1086 sexus
301 1053 568 1086 christifidelibus
583 1064 658 1086 vere
678 1054 923 1096 poenitentibus
1009 1053 1023 1095 ξ
1047 1052 1079 1084 Q.
1107 1052 1182 1084 Cum
1201 1056 1316 1090 autem,
1335 1051 1419 1083 sieut
1439 1050 1551 1082 eadem
1576 1048 1701 1091 exposi-

189 1111 221 1138 et
244 1106 400 1139 confessis
430 1117 466 1138 ac
498 1108 587 1138 sacra
619 1105 847 1138 communione
879 1116 924 1138 re·
966 1105 1010 1137 tio
1028 1103 1249 1146 subiungebat,
1269 1103 1432 1145 praefatus
1452 1102 1609 1144 Iosephus
1629 1111 1701 1143 pro-

189 1158 281 1190 sectis
293 1185 300 1198 ,
321 1159 376 1201 qui
394 1158 534 1201 aliquam
552 1169 587 1191 ex
607 1159 751 1191 ecclesiis
777 1159 925 1202 snpradi-
966 1162 1094 1189 curator
1107 1156 1266 1198 generalis
1279 1155 1489 1188 summarium
1503 1153 1701 1191 huiusmodi,

184 1209 231 1243 'cti
257 1209 386 1243 Ordinis
410 1221 428 1242 a
452 1210 565 1253 primis
586 1211 733 1253 vesperis
758 1221 862 1253 usque
887 1211 923 1243 ad
966 1219 1025 1252 pro
1051 1208 1184 1241 firmiori
1216 1208 1304 1240 illius
1335 1206 1554 1244 subsistentia,
1572 1210 1702 1248 aposto-

190 1273 341 1296 occasum
366 1263 444 1296 solis
462 1263 745 1306 infrascriptorum
771 1264 923 1296 festorum
966 1262 1047 1293 licae
1072 1259 1328 1293 confirmationis
1361 1264 1491 1291 nostrae
1517 1257 1701 1300 patrocinio

190 1316 307 1348 devote
342 1316 561 1356 visitaverint,
588 1321 619 1348 et
642 1317 686 1348 ibi
711 1327 771 1359 pro
796 1322 925 1349 sanctae
945 1306 1158 1349 {communiri
1190 1322 1396 1355 summopere
1422 1311 1607 1344 desideret:
1628 1320 1700 1349 nos,

190 1368 264 1401 fidei
290 1368 470 1402 catholicae
506 1369 724 1409 exaltatione,
753 1369 926 1403 haeresum
945 1357 948 1407 3
966 1366 1065 1409 ipsius
1082 1365 1209 1408 losephi
1230 1363 1451 1407 procuratoris
1470 1362 1631 1405 generalis
1650 1373 1703 1394 vo-

192 1416 418 1463 extimatione,
441 1431 477 1454 ac
492 1421 580 1454 inter
599 1421 762 1464 principes
779 1422 926 1454 christia·
946 1412 948 1463 3
967 1419 1006 1451 tis
1031 1419 1090 1451 hac
1122 1418 1155 1450 in
1179 1428 1214 1450 re
1247 1422 1402 1460 quantum
1436 1426 1506 1448 cum
1533 1416 1596 1447 Deo
1623 1425 1700 1457 pos-

191 1483 250 1506 nos
275 1473 449 1506 concordia
465 1473 535 1516 pias
567 1474 606 1506 ad
631 1473 730 1506 Deum
753 1484 867 1517 preces
889 1475 928 1507 ef·
967 1482 1075 1504 sumus
1103 1469 1326 1503 favorabiliter
1365 1478 1506 1501 annuere
1535 1468 1681 1500 volentes
1696 1494 1703 1507 ,

192 1525 342 1565 fuderint,
362 1526 597 1568 indulgentiam
614 1526 795 1568 plenariam
814 1537 929 1569 perpe·
946 1517 949 1546 3
968 1535 1106 1568 cumque
1124 1534 1141 1556 a
1162 1523 1326 1566 quibusvis
1345 1520 1703 1559 excommunicationis,

192 1582 278 1609 tuam
302 1577 335 1609 in
360 1578 474 1610 diebus
499 1578 590 1610 festis
615 1578 824 1620 sequentibus
853 1589 929 1615 con-
967 1577 1187 1620 suspensionis
1213 1580 1244 1608 et
1268 1575 1460 1613 interdicti,
1488 1573 1625 1616 aliisque
1652 1582 1705 1604 ec-

192 1629 296 1670 cessit,
316 1630 460 1663 scilicet:
948 1657 949 1666 ,
968 1630 1154 1662 clesiasticis
1171 1628 1351 1667 sententiis,
1370 1626 1513 1660 censuris
1532 1630 1564 1657 et
1579 1624 1704 1668 poenis,

235 1682 292 1715 Die
318 1683 400 1716 festo
425 1683 455 1716 S.
484 1683 570 1715 Petri
604 1683 741 1716 Nolasco
766 1683 840 1715 dicti
875 1683 930 1715 Or-
947 1669 949 1694 3
969 1694 985 1715 a
1003 1682 1070 1714 iure
1091 1683 1141 1715 vel
1166 1682 1204 1713 ab
1230 1680 1370 1718 homine,
1397 1678 1510 1722 quavis
1535 1677 1705 1710 occasione

193 1735 278 1768 dinis
303 1736 482 1769 fundatoris
511 1736 563 1769 die
587 1747 638 1769 xxi
663 1736 799 1768 ianuarii
826 1736 929 1769 indul·
948 1725 951 1768 3,
969 1735 1016 1766 vel
1041 1737 1136 1766 causa
1160 1733 1245 1771 latis,
1266 1733 1291 1765 si
1312 1732 1430 1775 quibus
1456 1729 1708 1773 quomodolibet

193 1787 333 1830 gentiam
359 1789 540 1830 plenariam
562 1794 594 1821 et
611 1789 755 1821 omnium
780 1794 930 1831 peccato·
948 1773 950 1807 3
970 1788 1142 1820 innodatus
1167 1786 1286 1825 existit,
1310 1785 1348 1817 ad
1374 1783 1523 1817 effectum
1549 1778 1707 1825 praesenss

192 1850 265 1873 rum
290 1841 532 1881 remissionem3
971 1840 1047 1872 tium
1083 1840 1247 1872 dumtaxat
1281 1836 1568 1879 consequendum,
1592 1835 1707 1866 haruin

237 1893 293 1926 Die
329 1894 412 1927 festo
447 1894 480 1927 S.
506 1892 637 1938 losephi
663 1895 697 1927 B.
725 1894 764 1926 M.
792 1894 930 1937 Virginis
949 1926 950 1932 ,
970 1893 1055 1926 serie
1094 1893 1300 1925 absolventes
1341 1894 1373 1922 et
1414 1889 1598 1921 absolutum
1639 1888 1709 1918 fore

194 1946 313 1990 sponsi,
339 1957 389 1980 xix
412 1947 524 1987 martii,
551 1947 741 1990 plenariam,
763 1952 847 1986 etc.·‚
949 1943 951 1987 3
971 1951 1151 1981 censentes.
1170 1942 1460 1987 supplicationibus
1487 1941 1554 1974 eius
1575 1939 1709 1972 nomine

237 1999 294 2032 Die
329 1999 413 2032 festo
450 2000 662 2043 apparitionis
698 1999 729 2032 S.
763 2000 929 2033 Michaelis
949 2026 951 2043 ÷
972 1999 1063 2031 nobis
1089 2008 1185 2040 super
1210 1997 1273 2028 hoc
1297 1994 1465 2027 humiliter
1483 1992 1645 2036 porrectis
1664 1989 1711 2022 in-

195 2052 391 2095 archangcli,
417 2063 474 2086 vm
499 2053 583 2092 maii,
610 2063 675 2095 quo
701 2052 752 2085 die
776 2054 930 2085 resorma-
949 2051 952 2083 i
971 2051 1080 2084 clinati
1098 2077 1105 2089 ,
1137 2050 1175 2081 de
1208 2052 1464 2081 memoratorum
1495 2043 1710 2077 cardinalium

195 2110 246 2137 tus
267 2105 325 2138 fuit
350 2106 453 2138 dictus
477 2105 562 2138 Ordo
581 2115 665 2138 anno
686 2115 800 2144 nocui,
818 2107 930 2148 plena·
950 2092 953 2140 3
971 2103 1129 2141 consilio,
1156 2101 1394 2144 praeinsertum
1428 2096 1638 2130 summarium
1665 2095 1713 2127 in-

195 2158 286 2198 riam,
306 2163 388 2198 etc.;
949 2145 951 2158 ⁴
971 2155 1224 2197 (lulgcntiarum,
1246 2151 1436 2186 auctoritate
1461 2149 1652 2193 apostolica,
1672 2153 1712 2179 te-

238 2211 294 2243 Die
319 2211 400 2243 festo
422 2211 456 2243 B.
476 2211 514 2243 M.
536 2211 574 2243 de
592 2210 740 2243 Mercede
766 2211 929 2244 dominica
972 2219 1049 2241 nore
1074 2206 1307 2250 praesentium,
1335 2202 1553 2246 approbamus
1579 2206 1611 2233 et
1635 2210 1713 2232 con-

194 2263 383 2306 proximiori
417 2263 563 2296 kalendis
599 2263 740 2296 octobris
771 2264 927 2296 celebrari
949 2294 951 2303 ,
972 2262 1145 2299 firmamus,
1162 2259 1275 2301 illique
1296 2255 1494 2289 inviolabilis
1509 2253 1710 2297 apostolicae

195 2315 308 2350 soli10²
332 2316 365 2348 in
389 2317 576 2348 memoriam
602 2315 813 2359 apparitionis
835 2317 868 2349 Β.
888 2317 926 2349 Μ.
971 2313 1130 2346 firmitatis
1156 2312 1256 2344 robur
1280 2309 1466 2342 adiicimus:
1494 2308 1581 2340 salva
1607 2310 1716 2338 tamen

196 2368 334 2410 Virginis
351 2368 400 2400 3³.
420 2368 513 2400 Petro
534 2367 668 2400 Nolasco
692 2373 724 2400 ct
743 2368 930 2411 Raymundo
972 2376 1102 2409 semper
1125 2365 1158 2397 in
1184 2362 1373 2407 praemissis
1403 2360 1594 2393 auctoritate
1621 2368 1716 2402 prae-

197 2421 237 2454 de
262 2421 436 2464 Pegnafort
463 2425 493 2453 et
518 2421 587 2462 regi
612 2421 792 2462 Aragoniac
817 2421 931 2454 Iacobo
974 2420 1055 2452 fatae
1081 2415 1352 2459 Congregationis
1377 2413 1603 2447 cardinalium.

234 2492 244 2517 1
267 2490 360 2517 Citatio
381 2490 459 2516 Mam,
476 2490 553 2517 irrita
574 2493 613 2516 est
634 2490 731 2525 (3¹33)-
1017 2472 1031 2513 ξ
1059 2470 1091 2503 3.
1123 2470 1342 2502 Decernentes
1373 2466 1505 2499 easdem
1526 2467 1718 2508 praesentes

231 2535 247 2562 2
268 2534 337 2561 Edit.
358 2534 435 2561 Maio.
457 2534 520 2569 legit
539 2535 641 2561 solitae
660 2536 700 2566 (n.
722 2534 772 2569 τ.),
975 2525 1100 2557 litteras
1124 2532 1256 2565 semper
1280 2521 1399 2560 sirmas,
1426 2518 1548 2552 validas
1566 2522 1597 2551 ct
1613 2516 1720 2550 effica-

287 2589 366 2618 Butt.
384 2589 468 2617 Rom.
488 2604 523 2609 -
546 2589 606 2617 Vol.
627 2588 702 2615 XIX.
868 2587 899 2614 18

1759 1055 1892 1075 Confirmatio

1712 1083 1826 1103 l'ontiticis.

1755 2466 1874 2491 clausulae.
