2111 3157
223 238 272 265 Λη,
292 238 320 266 c.
345 237 412 265 ¹680
457 229 521 263 360

458 297 503 320 ιιι.
531 286 685 320 Omnibus
702 296 778 319 vero
796 285 912 318 auditis
926 312 933 326 ,
955 285 1010 318 illa
1027 285 1145 328 opinio,

414 340 446 372 in
471 350 534 383 qua
558 350 593 372 ex
622 349 735 372 novem
769 337 992 371 definitoribus
1022 342 1147 381 septem

413 392 634 431 convenerint,
651 391 690 423 ab
709 390 857 423 omnibus
881 394 1049 423 censeatur
1072 389 1148 423 defi-

413 445 491 477 nita.
515 444 705 477 Scribantur
729 448 834 476 autem
861 443 1030 475 terminata
1053 453 1072 475 a
1093 442 1147 475 de-

413 497 596 530 finitoribus
614 496 647 529 in
668 496 760 537 libro,
780 496 812 529 in
832 506 896 540 quo
914 496 1055 529 insertae
1073 500 1147 528 sunt

413 549 588 592 petitiones
613 549 774 590 abbatum,
800 560 860 593 per
884 549 1031 589 scribam,
1049 559 1066 582 e
1087 559 1142 581 re-

412 602 508 644 gione
533 601 738 646 petitionum,
758 613 816 645 per
833 602 938 646 capita
962 601 1144 644 summarie,

411 660 509 698 prout
533 664 628 699 supra
650 655 900 689 determinatum
924 660 973 689 est
999 665 1069 700 cap.
1087 665 1144 689 xm

411 708 457 741 De
480 708 629 742 electione
652 708 782 742 scribae.

454 771 498 794 iv,
527 761 603 794 Post
633 761 714 794 haee
749 771 826 794 vero
860 761 1048 795 definitores
1078 759 1142 804 legi

410 813 530 847 faciant
555 814 775 847 ordinationes
801 814 964 858 praeteriti
990 814 1141 857 capituli,

410 872 442 899 et
465 866 613 900 similiter
644 878 725 910 quae
758 866 877 901 fuerint
908 867 1055 900 ordinata
1085 876 1144 909 per

409 924 533 962 patrem
558 920 807 963 praesidentem,
824 918 980 962 regimen,
999 925 1052 952 aut
1069 919 1143 952 visi-

410 977 529 1006 tatores
552 973 635 1005 intra
662 972 844 1013 triennium,
866 978 896 1005 et
921 972 1040 1005 iudicio
1067 972 1143 1005 dua-

407 1035 478 1058 rum
503 1036 539 1058 ex
566 1025 669 1057 tribus
701 1025 848 1068 partibus
880 1026 928 1059 vel
961 1025 1143 1068 approben-

408 1083 461 1109 tur
484 1079 533 1111 vel
559 1083 761 1111 revocentur.

451 1141 481 1163 ν.
509 1130 593 1168 Quae
619 1135 725 1163 autem
744 1130 783 1163 de
801 1140 885 1163 novo
906 1135 980 1162 tune
995 1129 1142 1163 ordinata

407 1183 538 1223 fuerint,
553 1194 608 1216 seu
625 1183 804 1223 terminata,
822 1188 995 1216 serventur
1012 1182 1141 1226 quidem

407 1236 438 1268 in
457 1235 727 1278 Congregafione,
745 1236 801 1268 sed
826 1246 892 1269 non
916 1235 1140 1278 registrentun

406 1300 467 1322 nee
490 1289 553 1322 vim
579 1289 660 1331 legis
679 1289 859 1329 obtineant,
880 1288 940 1321 nisi
965 1298 1025 1331 per
1045 1288 1143 1321 trien-

406 1343 494 1376 nium
519 1343 693 1386 practicam
720 1342 849 1383 fuerint,
866 1347 897 1375 et
921 1351 978 1375 ner
1002 1352 1142 1386 sequens

407 1395 583 1438 capitulum
608 1394 810 1427 confirmata.

449 1458 493 1481 vr.
520 1448 625 1481 Novae
643 1453 749 1480 autem
770 1447 992 1481 ordinationes
1017 1457 1081 1479 non
1102 1447 1142 1479 fa-

406 1502 468 1535 cile
494 1501 581 1542 fiant,
600 1501 662 1533 nisi
687 1511 724 1534 ex
749 1501 976 1544 urgentissima
1001 1501 1094 1533 causa
1110 1507 1142 1533 et

405 1553 545 1587 maxima
570 1564 641 1587 cum
666 1554 862 1586 maturitate.
889 1554 1064 1597 Propterea
1093 1564 1142 1586 or-

407 1607 555 1640 dinamus
573 1607 669 1650 quod,
695 1607 720 1639 si
746 1617 826 1649 quae
851 1606 884 1638 in
909 1611 1073 1650 posterum
1091 1616 1141 1638 or-

406 1660 590 1693 dinationes
634 1659 798 1692 faciendae
839 1665 912 1692 sunt
948 1659 1141 1703 (postquam

406 1713 527 1746 fuerint
550 1723 567 1745 a
592 1712 738 1755 patribus
770 1712 996 1745 definitoribus
1025 1712 1142 1744 forma-

407 1771 466 1805 tae,
486 1770 518 1798 et
538 1775 596 1808 per
614 1775 724 1797 eorum
749 1764 899 1807 sutfragia
919 1765 1139 1808 approbatae),

407 1819 621 1853 exhibeantur
645 1824 676 1851 et
693 1819 918 1862 relinquantur
934 1829 993 1862 per
1010 1819 1139 1862 aliquod

408 1879 533 1916 tempus
566 1872 716 1915 praelatis
747 1872 898 1905 omnibus
934 1872 1141 1905 consideran-

407 1926 478 1959 dae.
506 1925 626 1963 Quibus
643 1930 757 1968 postea
782 1925 975 1965 convocatis,
993 1926 1142 1967 legantur

407 1978 593 2021 singillatim
611 1987 668 2021 per
686 1977 834 2016 scribam,
853 1983 906 2010 aut
924 1978 973 2010 cui
992 1978 1141 2011 definito-

407 2041 457 2063 res
482 2030 724 2070 mandaverint,
747 2035 787 2070 et,
808 2041 890 2074 quae
916 2041 932 2063 a
953 2031 1078 2063 duabus
1103 2041 1138 2063 ex

407 2084 509 2117 tribus
542 2083 688 2127 partibus
725 2083 887 2117 dictorum
923 2085 1139 2128 praelatorum

407 2137 559 2171 concordi
576 2141 650 2170 voto
668 2137 865 2180 approbatae
887 2138 1013 2179 fuerint,
1031 2143 1140 2181 patres

408 2190 593 2224 definitores
618 2200 676 2234 per
699 2190 836 2224 scribam
860 2191 993 2235 capituli
1025 2192 1142 2224 faciant

408 2243 574 2286 publicari,
589 2243 737 2287 sequenti
751 2244 891 2277 triennio
908 2244 1140 2288 pracdcandas,

409 2302 441 2329 et
457 2296 490 2328 in
508 2296 613 2329 futuro
629 2297 777 2340 proximo
795 2298 948 2341 capitulo,
965 2297 1060 2330 modo
1078 2308 1140 2340 quo

409 2359 526 2392 supra,
553 2360 570 2382 a
595 2350 719 2383 duabus
742 2351 962 2393 praelatorum
992 2351 1140 2394 partibus

410 2402 636 2446 approbandas
651 2408 683 2435 et
697 2403 943 2445 confirmandas,
958 2414 1038 2447 quae
1054 2404 1142 2436 dein-

410 2468 485 2502 ceps
510 2468 575 2490 non
592 2458 725 2501 possint,
746 2457 806 2490 nisi
824 2458 937 2490 codem
953 2456 1061 2497 modo,
1078 2467 1141 2500 quo

409 2511 614 2544 confirmatae
640 2511 767 2551 fuerint,
785 2511 942 2544 revocari.

453 2573 508 2597 vn.
536 2564 718 2595 Terminata
734 2574 808 2596 vero
826 2573 886 2606 per
909 2563 1072 2595 anteriora
1094 2573 1142 2595 ca-

409 2617 512 2663 pitula
540 2617 689 2649 nolumus
715 2617 856 2660 qiialibet
885 2616 1034 2648 facilitate
1053 2625 1142 2648 revo-

998 237 1181 263 BULLAMUM
1205 237 1287 261 ROMA
1293 238 1357 261 NUM

1190 286 1264 326 cari,
1283 286 1351 326 sed,
1369 285 1394 319 si
1412 294 1495 329 quae
1512 277 1545 318 in
1563 284 1696 318 dubium
1713 284 1830 319 adduci
1846 295 1907 320 eon

1190 338 1268 381 tigit,
1287 348 1347 381 per
1366 338 1566 382 subsequens
1587 338 1765 382 capitulum
1790 340 1922 373 minime

1189 396 1359 432 revocata,
1386 392 1571 424 nullatenus
1603 397 1828 435 proponantur
1851 403 1923 427 exa-

1189 444 1352 484 minanda,
1366 444 1429 477 nisi
1444 445 1494 491 de
1518 455 1679 478 consensu
1699 445 1834 478 duarum
1848 456 1922 489 par-

1189 496 1267 530 tium
1293 497 1522 538 definitorum
1549 508 1633 541 quae
1658 503 1766 531 tamen
1791 508 1828 531 ex
1853 503 1921 533 toto

1188 551 1237 583 vel
1257 550 1289 583 in
1310 555 1400 593 parte
1420 550 1564 583 revocari
1580 560 1647 583 non
1667 555 1830 594 poterunt,
1846 551 1920 593 nisi,

1187 613 1222 635 ex
1249 614 1363 636 novem
1388 602 1629 643 definitoribus,
1657 603 1696 636 ad
1720 603 1825 636 minus
1848 609 1919 638 octo

1187 656 1430 697 consenserint;
1458 661 1490 689 et
1513 656 1778 700 quotiescumque
1796 656 1919 700 aliquid

1187 714 1279 742 antea
1312 720 1370 753 per
1403 714 1532 753 patrum
1570 709 1702 743 decreta
1736 709 1919 743 ordinatum

1186 762 1316 796 alterari
1342 772 1543 807 quacumque
1561 762 1600 796 de
1617 763 1713 796 causa
1736 762 1918 805 eontigerit,

1187 815 1219 848 in
1244 815 1374 848 decreto
1397 814 1574 859 posteriori
1600 814 1656 848 fiat
1688 815 1810 848 mentio
1834 814 1920 859 prio-

1187 867 1246 909 ris·‚
1265 868 1410 912 alioquin
1427 867 1588 911 posterius
1604 868 1729 901 nullum
1745 867 1798 908 sit,
1816 872 1848 900 et
1865 867 1919 901 de-

1187 925 1308 953 cretum
1332 920 1422 964 prius
1452 924 1636 954 emanatum
1660 919 1694 952 in
1718 929 1776 953 suo
1799 919 1917 953 robore

1185 978 1383 1016 permaneat.

1229 1037 1251 1059 1.
1287 1026 1362 1059 Post
1397 1025 1669 1059 examinationem
1704 1026 1918 1059 monasterio-

1185 1089 1264 1119 rum,
1281 1084 1312 1111 et
1325 1083 1398 1112 ante
1412 1089 1568 1112 novorum
1585 1079 1769 1113 officialium
1783 1084 1815 1113 et
1830 1090 1917 1123 prae·

1186 1133 1323 1164 latorum
1348 1132 1553 1172 electionem,
1576 1132 1764 1166 definitores
1788 1133 1917 1166 videant

1185 1190 1335 1228 computa
1359 1185 1629 1228 Congregationis
1661 1196 1720 1228 per
1744 1186 1915 1229 deputatos

1185 1237 1224 1270 ad
1250 1243 1399 1280 computa
1431 1239 1699 1271 monasteriorum
1724 1239 1915 1282 approbata,

1185 1296 1217 1323 et
1240 1301 1299 1334 per
1323 1291 1556 1334 depositarium
1591 1296 1765 1331 annotata,
1790 1302 1916 1325 necnon

1185 1344 1342 1377 calculum
1369 1354 1590 1387 expensarum,
1609 1343 1749 1377 triennio
1769 1344 1916 1387 proximo

1184 1395 1374 1440 praeterito,
1401 1396 1531 1430 nomine
1558 1396 1834 1439 Congregat.ioniS‚
1853 1402 1916 1429 tam

1184 1459 1245 1492 per
1264 1454 1386 1492 patrem
1410 1449 1654 1492 praesidentem
1673 1454 1704 1481 et
1722 1448 1915 1488 visitatores,

1185 1511 1278 1545 quam
1304 1502 1399 1535 etiam
1423 1512 1482 1545 per
1505 1502 1587 1535 alios
1619 1502 1751 1535 nomine
1776 1501 1917 1544 Congre-

1185 1555 1336 1598 gationis,
1354 1566 1555 1599 quacumque
1574 1565 1610 1588 ex
1632 1557 1727 1588 causa
1751 1555 1915 1595 factarum,

1185 1619 1220 1640 ac
1234 1608 1356 1652 pariter
1373 1608 1555 1641 debitorum
1573 1613 1605 1641 et
1618 1607 1827 1641 creditorum.
1849 1607 1916 1646 Quo

1185 1661 1343 1704 inspecto,
1360 1660 1424 1693 sint
1450 1660 1579 1694 solliciti
1597 1665 1632 1693 ut
1651 1660 1837 1693 huiusmodi
1854 1670 1907 1693 cre

1185 1714 1250 1747 dita
1275 1714 1445 1755 exigantur
1466 1719 1497 1746 et
1513 1713 1620 1746 debita
1639 1714 1816 1746 solvantur.
1835 1712 1917 1745 Taxa

1185 1766 1453 1800 monasteriorum
1478 1771 1664 1806 renovetur,
1686 1766 1813 1809 quoties
1836 1766 1918 1809 capi-

1185 1821 1251 1853 tulo
1276 1819 1422 1862 generali
1447 1819 1599 1862 expedire
1623 1819 1727 1852 visum
1751 1818 1857 1852 fuerit.

1228 1884 1263 1907 11.
1290 1872 1458 1916 Inquirant
1482 1871 1577 1904 etiam
1610 1882 1651 1905 an
1674 1873 1799 1905 solutus
1823 1871 1918 1904 fuerit

1184 1936 1300 1959 census
1320 1925 1415 1958 unius
1432 1925 1547 1958 unciae
1568 1925 1646 1966 auri,
1665 1934 1761 1968 quem
1777 1924 1917 1967 Congre-

1184 1979 1270 2021 gatio
1294 1983 1424 2012 tenetur
1439 1978 1604 2011 annuatim
1622 1978 1746 2011 solvere
1766 1976 1917 2011 Gamerae

1184 2032 1388 2076 Apostolicae
1412 2032 1445 2064 in
1471 2031 1550 2064 festo
1574 2031 1805 2074 Apostolorum
1833 2030 1915 2064 Petri

1184 2091 1215 2119 et
1238 2085 1328 2118 Pauli
1345 2085 1376 2117 in
1402 2084 1528 2127 signum
1554 2090 1730 2128 perpetuae
1757 2084 1917 2117 libertatis

1184 2145 1215 2173 et
1244 2138 1497 2172 confirmationis
1522 2137 1764 2181 privilegiorum
1788 2142 1918 2170 nostro-

1183 2203 1266 2225 rum.

1228 2255 1277 2279 ιιι.
1304 2244 1458 2278 Omnibus
1482 2244 1590 2286 itaque
1626 2246 1751 2275 mature
1778 2251 1815 2274 ac
1846 2240 1918 2274 dili-

1185 2303 1298 2340 genter
1329 2296 1523 2340 perpensis,
1548 2295 1575 2328 si
1607 2294 1764 2338 pecuniae
1800 2293 1918 2326 desunt

1184 2361 1242 2393 pro
1260 2349 1398 2394 publicis
1415 2348 1607 2392 dispendiis,
1626 2347 1835 2390 imponantur
1851 2346 1917 2378 cui-

1184 2403 1262 2436 libet
1285 2401 1484 2435 monasterio
1519 2401 1628 2444 plnres
1663 2399 1712 2432 vel
1743 2399 1916 2442 pauciores

1185 2457 1295 2499 (prout
1319 2454 1491 2487 necessitas
1516 2453 1691 2496 exegerit),
1711 2463 1782 2484 cum
1807 2451 1918 2495 praefi-

1185 2509 1277 2541 xione
1303 2508 1430 2540 termini
1456 2507 1494 2539 ad
1524 2505 1728 2545 solvendum,
1747 2515 1784 2538 ac
1801 2504 1917 2548 quibus

1185 2568 1213 2594 ct
1240 2561 1294 2593 ubi
1321 2561 1400 2593 solvi
1426 2560 1602 2592 debebunt.

1231 2625 1272 2648 tv.
1301 2614 1333 2646 ln
1359 2614 1519 2646 solutione
1552 2617 1658 2645 autem
1686 2610 1917 2656 pecuniarum,

1925 237 1974 266 An.
1994 237 2024 266 G.
2048 239 2111 268 {Cf-C

1954 1037 2021 1058 Cnur
2036 1037 2086 1059 xlx.

1946 1064 1975 1084 De
1984 1064 2065 1085 calu-utu
2073 1070 2107 1085 ex-

1926 1095 2045 1117 pensarum.
