2111 3157
33 190 83 219 An.
95 187 126 217 c.
148 186 216 216 1676

560 234 609 269 Vl.

225 308 443 350 Confirmalur
481 306 640 339 decretum
686 300 950 345 Conqreqalionis
969 324 971 339 ,

270 361 423 400 Concilii,
450 371 511 403 quo
535 358 716 391 decernitur
738 355 780 387 ud
804 349 971 395 abbatem}

268 413 575 447 commendatarium
596 410 755 452 pertinere
775 406 951 449 approbare

267 466 437 498 monachos
458 474 515 506 pro
539 461 710 494 audiendis
741 458 947 501 confessioni·
970 462 971 472 ³

269 519 325 551 bus
348 516 563 549 saecularium
585 515 616 546 in
641 512 778 545 ecclesiis
793 514 950 542 inonasle-

268 571 391 602 riorum
402 569 432 601 S.
442 567 653 600 Scholasticae
665 569 692 596 et
706 564 735 596 S.
746 564 862 606 Specus
873 562 953 593 Sul)-

271 618 414 657 lacensis,
435 616 566 650 Ordinis
585 615 617 648 S.
633 613 809 651 Benedicti,
826 612 951 644 nullius

267 670 427 710 dioecesis,
444 669 628 712 provinciae
644 668 818 700 Romanae.

399 748 593 776 Innocentius
613 748 691 779 Papa
710 746 757 775 XI,
789 732 796 740 ”

362 793 399 820 ad
418 792 550 819 futuram
573 791 617 817 rei
637 789 815 816 memoriam.

269 863 328 907 Μ.
347 862 510 895 Emanavit
533 871 637 903 nuper
661 870 678 892 a
700 858 953 900 Congregationc

225 915 458 949 venerabilium
475 914 605 946 fratrum
621 918 806 945 nostrorum
825 910 855 943 S.
870 911 905 942 tt.
918 910 951 941 E.

225 967 433 1001 cardinalium
453 966 584 999 Concilii
601 963 778 997 Tridentini
796 963 955 1005 intorpre-

227 1025 302 1059 tum,
321 1020 360 1053 ad
378 1020 518 1052 favorem
534 1017 641 1050 dilecti
658 1016 714 1048 filii
733 1016 833 1048 nostri
851 1014 954 1048 Caroli

228 1072 394 1105 Barberini
418 1072 561 1103 eiusdem
585 1069 615 1102 S.
635 1069 671 1101 R.
692 1069 726 1100 E.
746 1068 870 1100 diaconi
889 1078 957 1099 car-

229 1125 346 1158 dinalis
370 1124 472 1157 Caroli
496 1122 683 1165 nuncupati,
706 1120 853 1164 perpetui
879 1131 957 1152 com-

231 1177 421 1209 mendatarii
446 1175 714 1208 monasteriorum
738 1174 768 1206 S.
792 1173 958 1206 Scholasti-

61 876 202 898 Prooemium.

803 182 1012 209 INNOCENTtUS
1036 182 1066 206 XI
1091 181 1139 205 PP-

231 1241 288 1263 cae
321 1235 354 1262 et
384 1229 415 1262 S.
447 1229 566 1270 Specus
597 1226 802 1260 Sublacensis
828 1226 957 1258 insimul

230 1287 386 1325 perpetuo
410 1282 570 1313 unitorum
586 1279 712 1312 Ordinis
737 1278 837 1310 sancti
861 1278 958 1310 Bene-

231 1332 306 1365 dicti
339 1331 458 1364 nullius
488 1329 646 1362 dioecesis
678 1328 863 1371 provinciae
898 1328 957 1360 Ro-

230 1394 356 1423 manae,
382 1383 546 1416 decretum
571 1380 687 1414 tenoris
713 1381 766 1423 qui
791 1380 956 1423 sequitur,

230 1437 400 1469 videlicet:

102 1500 220 1529 namnum
273 1487 473 1522 Sublacensis
490 1485 742 1519 iurisdictionis.
768 1484 958 1518 Eminentis-

42 1527 140 1573 {tfi'ss'J-CJ‘
156 1527 222 1584 {ltili}
233 1541 330 1574 simus
347 1540 497 1574 dominus
514 1538 685 1571 cardinalis
702 1537 832 1571 Carolus
846 1538 959 1570 Barbe-

42 1580 174 1600 ¹⁸¹⁰‘'‘¹”⁴‘¹''¹'
233 1595 329 1633 rinus,
347 1593 523 1626 modernus
547 1592 644 1624 abbas
668 1591 959 1624 commendatarius

233 1647 449 1686 sublacensis,
476 1645 607 1689 exponit
638 1644 776 1687 qualiter
807 1644 958 1677 monachi

233 1700 359 1733 Ordinis
383 1698 578 1732 Cassinensis
604 1698 758 1739 degentes
783 1697 815 1729 in
840 1697 958 1729 sanctis

233 1751 435 1785 monasteriis
455 1751 486 1784 S.
505 1749 719 1783 Scholasticae
737 1749 821 1782 et.S.
840 1749 958 1792 Specus

232 1804 363 1838 insimul
392 1803 490 1836 unitis
516 1803 662 1835 abbatiae
688 1802 875 1835 Sublacensi
900 1813 959 1846 pro

232 1857 401 1890 audiendis
417 1855 673 1889 confessionibus
697 1855 907 1888 saecularium
928 1855 959 1887 in

235 1909 380 1943 ecclesiis
405 1909 564 1942 dictorum
586 1909 857 1941 monasteriorum
886 1919 961 1941 con-

235 1967 406 1995 sueverunt
421 1962 586 2005 hucusque
604 1961 871 2005 approbationem
892 1972 961 1994 ore-

235 2019 328 2047 tenus
347 2015 489 2057 recipere
507 2025 524 2046 a
540 2014 660 2047 vicario
679 2013 822 2057 generali
837 2014 960 2046 abbatis

236 2065 494 2099 commendatarii
516 2076 575 2109 pro
600 2071 744 2108 tempore
770 2066 958 2105 existentis;

237 2118 363 2161 quotics
381 2118 465 2150 enim
488 2128 587 2150 novus
613 2119 762 2160 superior
779 2118 960 2151 claustralis

237 2170 385 2211 regimini
411 2171 597 2203 eorumdem
621 2171 853 2203 monachorum
873 2181 962 2213 prae-

236 2222 411 2261 ficiebatur,
435 2232 507 2254 cum
532 2222 667 2265 primum
686 2223 791 2266 ipsum
810 2224 960 2256 vicarium

237 2275 420 2317 generalem
446 2274 609 2313 inviseret,
638 2275 805 2308 consuevit
833 2286 962 2318 semper

237 2327 391 2370 quosdam
406 2337 442 2359 ex
459 2327 634 2366 monachis,
653 2338 732 2370 quos
747 2328 786 2360 ad
804 2328 834 2360 id
847 2339 962 2360 munus

236 2380 336 2422 inagis
362 2379 498 2412 idoneos
523 2379 692 2418 iudicaret,
717 2381 820 2413 eidem
845 2391 964 2424 propo-

237 2442 314 2464 nere
339 2436 374 2463 ut
392 2431 605 2463 necessariam
623 2433 888 2474 approbationem
905 2444 963 2476 pro

238 2483 432 2526 excipiendis
456 2484 667 2516 saeculariut'n
698 2486 963 2526 confessionibus,

239 2536 266 2569 si
291 2536 332 2568 ita
357 2536 384 2568 ei
409 2536 591 2575 videbatur,
616 2537 654 2568 ab
679 2537 747 2580 ipso
770 2538 965 2581 reciperent.

254 2603 264 2624 ζ
303 2598 384 2635 Ball.
400 2599 530 2637 Romu--⁶
549 2600 608 2629 Vol.
624 2600 698 2639 XJX4
841 2600 860 2633 ,3

1641 164 1682 197 17
1729 169 1913 200 Αη.0.ἰ.]ἳῧ

992 235 1087 273 prout
1114 228 1152 261 de
1182 227 1265 260 facto
1291 230 1445 259 oretenus
1478 223 1578 266 ipsius
1610 221 1720 254 vicarii

991 283 1125 315 arbitrio
1142 281 1351 324 recipiebant,
1372 279 1554 311 duraturam
1572 275 1721 308 nimirum

992 346 1050 378 pro
1071 340 1138 367 toto
1164 339 1307 376 tempore
1332 330 1498 373 regiminis
1519 329 1604 362 illius
1628 338 1723 369 supe-

970 402 971 416 κ
992 387 1085 419 rioris
1110 387 1164 429 qui
1188 386 1275 418 illam
1299 385 1529 427 postulaverat,
1559 380 1644 413 unde
1670 390 1723 412 no-

970 451 971 460 *
992 450 1047 471 rus
1068 438 1216 482 superior
1231 448 1346 469 novam
1363 435 1500 468 subinde
1518 432 1725 477 approbatio-

992 503 1066 525 nem
1090 502 1148 534 pro
1169 490 1373 523 confessariis
1398 489 1540 532 petebat.

1036 545 1154 576 Morem
1168 544 1253 576 hunc
1267 542 1469 585 approbandi
1483 546 1636 573 oretenus
1653 549 1724 571 con-

994 596 1143 629 fessarios
1175 595 1448 628 eminentissimus
1472 592 1644 626 cardinalis
1669 591 1725 624 Ca-

994 651 1082 682 rolus
1108 648 1282 680 modernus
1316 645 1607 679 commendatarius
1638 644 1725 676 haud

995 702 1071 733 satis
1095 700 1264 744 probavit3
1284 699 1436 741 ideoque,
1456 709 1527 730 cum
1550 698 1640 731 illum
1657 707 1726 729 ser-

994 754 1059 786 vari
1078 753 1255 785 invenisset
1278 762 1338 795 per
1359 752 1460 794 ipsius
1480 751 1632 782 vicarium
1654 760 1727 782 cum

996 806 1111 838 ceteris
1131 804 1225 837 etiam
1254 804 1321 836 sere
1346 803 1495 836 omnibus
1521 802 1726 835 confessariis

996 858 1061 890 sive
1087 856 1308 890 saecularibus
1334 856 1397 888 sive
1422 856 1627 898 regularibus
1652 865 1727 887 suae

997 910 1159 949 abbatiae,
1194 909 1329 951 cupiens
1355 919 1413 951 pro
1450 910 1508 940 sua
1542 908 1660 950 pietate
1692 917 1728 939 ac

997 964 1087 1003 zelo,
1122 961 1313 1005 praesertim
1338 966 1413 1003 post
1441 961 1542 993 editas
1574 961 1729 993 constitu-

997 1015 1101 1047 tiones
1127 1015 1308 1057 synodales,
1334 1013 1513 1046 consultius
1541 1013 1728 1055 procedere,

999 1067 1116 1099 vicario
1140 1066 1279 1098 iniunxit
1294 1071 1329 1097 ut
1352 1066 1384 1097 in
1410 1070 1586 1108 posterum,
1612 1065 1651 1097 ad
1677 1075 1730 1097 ea-

998 1120 1144 1152 rumdem
1175 1118 1440 1151 constitutionum
1471 1118 1729 1160 praescriptum,

1000 1172 1147 1204 omnibus
1176 1170 1381 1203 eonfessariis
1412 1170 1478 1202 sive
1509 1170 1731 1202 saecularibus

1000 1224 1062 1256 sive
1077 1223 1280 1265 regularibus
1295 1223 1476 1255 facultatem
1491 1222 1641 1255 audiendi
1660 1232 1733 1255 con-

1001 1276 1157 1308 sessiones
1172 1286 1238 1308 non
1255 1275 1335 1307 alias
1350 1285 1446 1317 quam
1464 1275 1497 1306 in
1514 1275 1641 1317 scriptis
1659 1285 1733 1307 con-

1000 1330 1130 1361 cederet
1161 1328 1297 1370 singulis
1334 1328 1543 1360 semesa-ibus
1574 1338 1732 1360 renovan-

1001 1383 1084 1414 dam.
1123 1381 1292 1414 Decretum
1328 1381 1391 1413 hoc
1424 1381 1619 1414 eminentiae
1655 1392 1732 1414 suae

1000 1435 1098 1477 paulo
1116 1438 1196 1476 post,
1214 1439 1249 1465 ut
1266 1443 1324 1476 par
1341 1438 1423 1473 erat,
1442 1433 1479 1465 ad
1500 1433 1623 1475 praxim
1638 1434 1735 1466 dedu-

1001 1493 1085 1520 ctum
1113 1487 1171 1519 fuit
1194 1487 1233 1519 ab
1252 1486 1322 1520 eius
1341 1486 1472 1525 vicario,
1494 1491 1643 1528 respectu
1661 1497 1736 1519 con-

1001 1541 1205 1573 fessariorum
1230 1539 1444 1572 saecularium
1470 1544 1502 1572 et
1530 1539 1628 1572 etiam
1653 1539 1734 1573 alio-

1001 1604 1071 1626 rum
1096 1592 1307 1635 regularium.

1045 1646 1171 1686 Verum,
1190 1655 1263 1678 eum
1284 1645 1363 1677 illud
1387 1655 1517 1687 quoque
1539 1645 1645 1688 quoad
1669 1657 1737 1679 mo-

1002 1698 1123 1731 nachos
1149 1698 1263 1740 exequi
1297 1698 1533 1738 contenderet,
1566 1699 1736 1731 occasione

1003 1762 1102 1784 novae
1138 1750 1398 1793 approbationis,
1434 1760 1515 1793 quae
1550 1751 1614 1784 illis
1651 1751 1738 1785 iuxta

1002 1808 1247 1847 praenarratum
1283 1813 1406 1835 morem
1442 1814 1501 1846 pro
1535 1803 1736 1847 excipiendis

1003 1856 1213 1889 saecularium
1245 1855 1503 1889 confessionibus
1529 1858 1739 1890 concedenda

1003 1914 1074 1942 erat
1097 1909 1130 1940 in
1155 1908 1335 1940 mutatione
1360 1909 1537 1951 superioris
1559 1909 1740 1943 claustralis

1003 1962 1055 2005 qui
1082 1971 1185 2004 nuper
1215 1961 1347 1993 illorum
1380 1961 1530 2003 regimini
1555 1963 1739 2004 praefectus

1003 2014 1072 2054 fuit,
1099 2014 1156 2046 iste
1182 2019 1366 2056 promptum
1387 2024 1419 2046 se
1439 2014 1568 2057 quidem
1593 2015 1740 2048 exhibuit

1002 2067 1040 2099 ad
1056 2065 1274 2109 recipiendam
1289 2066 1559 2109 approbationem
1574 2072 1739 2108 oretenus,

1003 2119 1059 2151 sed
1076 2118 1240 2151 recusavit
1264 2119 1351 2150 illam
1373 2118 1517 2161 recipere
1540 2119 1573 2151 in
1598 2119 1737 2163 scriptis.

1005 2172 1059 2211 At,
1087 2181 1159 2203 eum
1190 2171 1323 2210 vidisset
1350 2181 1417 2203 eam
1443 2177 1594 2205 oretenus
1618 2183 1741 2217 nequa-

1005 2234 1098 2266 quam
1117 2233 1212 2266 posse
1231 2222 1393 2263 obtinere,
1414 2224 1521 2267 coepit
1545 2224 1680 2258 ulterius
1698 2236 1741 2257 as-

1005 2287 1114 2309 serere
1132 2275 1309 2308 monachos
1324 2275 1538 2309 Sublacenses
1555 2278 1740 2311 nullatenus

1005 2329 1109 2361 teneri
1131 2329 1171 2361 ad
1189 2328 1306 2361 dictam
1329 2329 1596 2371 approbationem
1618 2330 1683 2362 sive
1710 2330 1741 2362 ln

1005 2381 1135 2424 scriptis
1165 2381 1233 2414 sive
1271 2381 1366 2414 etiam
1396 2388 1547 2416 oretenus
1581 2384 1743 2426 recipien-

1006 2435 1087 2473 dam,
1106 2438 1169 2466 tam
1192 2434 1317 2467 ratione
1342 2435 1508 2468 cuiusdam
1535 2436 1658 2478 antiqui
1684 2436 1744 2478 pri-

1006 2487 1113 2529 vilegii
1138 2486 1264 2519 Martini
1289 2487 1311 2519 V
1337 2488 1459 2520 eisdem
1485 2489 1651 2521 monachis
1667 2499 1745 2520 eon-

1007 2540 1087 2572 cessi
1109 2550 1167 2583 pro
1185 2539 1353 2573 audiendis
1375 2550 1648 2585 quorumcumque
1666 2540 1745 2574 fide-
