2111 3157
210 217 257 244 Λη.
275 217 304 244 c.
328 216 395 245 1686
439 208 503 243 696

400 266 583 310 respective
603 293 610 306 ,
649 266 703 308 qui
744 275 805 308 pro
830 269 975 307 tempore
1001 263 1140 303 suerint,

402 320 587 363 eligantur;
623 320 655 351 in
692 329 805 351 eorum
839 323 945 351 tamen
979 317 1140 350 electione

401 373 457 406 illa
482 374 584 406 forma
603 371 722 404 servari
749 371 875 410 debeat,
895 381 976 413 quae
997 381 1055 413 pro
1074 371 1141 402 ele-

402 428 506 462 ctione
537 426 712 459 cuiuslibet
746 425 916 468 guardiaui
953 424 1141 457 seminario-

401 490 470 512 rum
497 479 669 512 stabilitur.
694 479 795 522 thue
814 478 993 522 aequalitas
1006 477 1140 511 lionoris
1162 491 1163 494 ¹

402 546 418 566 a
450 534 595 576 praefato
626 532 884 565 commissariatu
921 531 1141 575 provenientis

402 586 551 618 omnibus
577 585 762 618 seminariis
787 584 999 628 impartiatur,
1017 584 1140 627 primus

402 639 641 672 commissarius
671 649 730 681 pro
770 638 915 682 qualibet
950 636 1141 681 provincia—

401 702 472 724 rum
498 698 589 735 parte
611 719 617 732 ,
645 692 694 724 cui
719 703 819 724 unum
844 702 944 735 supra
979 690 1142 723 concessi-

403 756 476 778 mus
493 772 500 785 ‚
533 757 549 777 a
575 745 748 778 seminario
773 744 805 777 in
831 745 885 777 illa
918 749 1010 787 parte
1035 743 1141 787 primo

403 804 512 832 erecto
538 804 738 837 assu1netur3
763 798 925 830 secundus
943 808 960 829 a
977 797 1139 835 secundo;

403 858 434 885 et
458 851 503 883 sic
527 851 566 884 de
593 850 726 893 reliquis
764 860 865 893 usque
898 850 935 882 ad
968 849 1139 882 ultimum:

404 905 457 948 qui
477 905 556 938 ordo
579 905 696 937 iterum
719 903 906 947 incipiendo
921 912 1051 945 semper
1076 912 1142 934 ser-

405 964 517 998 vetur,
538 957 598 990 nisi
623 957 709 990 aliud
729 956 891 999 superiori
908 955 1051 998 generali
1069 965 1142 997 pro-

404 1012 579 1045 vinciarum
604 1011 689 1044 illius
714 1010 824 1053 partis,
846 1009 885 1042 de
918 1018 1053 1041 assensu
1077 1019 1142 1040 ma-

405 1064 483 1098 ioris
516 1064 615 1107 partis
650 1063 905 1105 guardianorum
930 1061 1141 1103 collegiorum

406 1117 481 1150 dicti
515 1116 799 1153 commissariatus,
835 1114 936 1157 magis
964 1113 1141 1157 expediens

408 1180 467 1214 pro
504 1169 703 1213 prosperiori
740 1168 932 1201 missionum
967 1171 1142 1209 augmento

405 1223 505 1255 visum
545 1222 641 1254 fuerit
661 1233 668 1261 ·,
705 1221 791 1254 unde
831 1220 966 1253 cuilibet
1003 1218 1142 1261 collegio

406 1287 461 1309 seu
487 1274 659 1308 seminario
684 1284 768 1307 unus
789 1272 1064 1307 commissariatus
1084 1281 1144 1314 per

408 1327 616 1371 septennium
640 1314 802 1369 integrum
833 1326 1006 1358 duraturus
1032 1334 1145 1357 conce-

407 1381 437 1414 di
465 1380 621 1420 debebit,
657 1379 783 1412 etiamsi
820 1378 927 1422 primo
965 1379 1088 1410 electus
1126 1387 1142 1409 e

406 1435 470 1467 vita
495 1433 630 1475 migret,
657 1439 731 1472 aut,
754 1433 879 1464 servata
904 1431 1017 1464 eadem
1042 1430 1144 1462 forma

408 1498 489 1531 quae
509 1497 566 1529 pro
588 1485 792 1528 depositione
811 1489 842 1517 et
858 1483 1038 1527 privatione
1055 1493 1145 1525 guar-

408 1541 578 1573 dianorum
603 1539 634 1571 in
661 1537 843 1571 seminariis
869 1537 1060 1570 observetur
1073 1535 1090 1576 ¹,
1114 1541 1146 1568 et

410 1604 472 1626 non
497 1592 597 1631 aliter,
625 1591 730 1625 officio
757 1591 910 1634 privetur,
940 1600 994 1622 seu
1020 1600 1056 1622 ex
1083 1588 1145 1621 alio

408 1646 514 1689 capite
533 1645 686 1678 inhabilis
711 1644 874 1683 reddatur,
898 1648 950 1675 aut
971 1643 1009 1675 ad
1027 1653 1145 1675 munus

409 1698 660 1742 incompatibilc,
681 1698 775 1741 quale
793 1697 853 1729 erit
870 1696 1098 1740 guardianatus
1115 1700 1147 1729 et

408 1752 676 1797 provincialatus,
692 1750 833 1784 officium
859 1749 1032 1793 aliquando
1061 1760 1147 1783 assu-

409 1811 535 1845 matur;
562 1805 594 1837 in
621 1804 658 1837 iis
690 1804 775 1836 enim
807 1803 934 1836 casibus
959 1803 1039 1837 alius
1064 1803 1147 1835 eius·

411 1861 482 1892 dom
501 1858 666 1891 seminarii
690 1857 914 1890 missionarius
935 1857 1148 1890 concionator

411 1912 495 1945 iuxta
521 1911 643 1954 primae
663 1910 831 1944 electionis
857 1911 994 1944 sormam
1016 1910 1055 1942 ad
1072 1909 1147 1942 mis-

410 1966 537 2000 sionum
568 1965 856 1998 commissariatum
888 1968 1127 2007 promoveatur.

454 2018 671 2052 Commissarii
696 2018 851 2061 praedicti
874 2017 906 2050 in
932 2017 1083 2050 omnibus
1100 2017 1147 2049 sui

409 2072 682 2107 commissariatus
707 2071 852 2113 collegiis
876 2070 1017 2114 primum
1041 2071 1147 2104 locum

410 2127 555 2160 habeant
597 2130 670 2168 post
710 2124 951 2167 guardianum;
986 2129 1038 2165 et,
1073 2124 1147 2157 dum

410 2180 493 2212 intra
518 2180 656 2212 claustra
685 2177 856 2210 cuiuslibet
881 2177 1009 2218 suerint,
1036 2187 1147 2210 eorum

412 2232 549 2271 discreti,
568 2242 627 2274 per
649 2237 775 2274 tempus
794 2231 842 2263 sui
861 2230 1146 2270 commissariatus,

410 2286 495 2318 ultra
520 2284 703 2317 nominatos
728 2284 760 2317 in
786 2284 998 2326 collegiorum
1023 2283 1147 2316 statutis

411 2343 446 2371 ut
462 2338 645 2382 praefertur
662 2338 858 2381 approl)atiS‚
877 2337 1021 2379 legitime
1042 2342 1147 2377 erunt,

412 2401 577 2433 nunquam
597 2396 703 2423 tamen
718 2391 844 2423 titulum
862 2390 1046 2434 generalem
1060 2400 1149 2423 usur-

412 2449 499 2487 pent,
519 2449 573 2475 aut
596 2444 806 2476 commissarii
833 2443 996 2486 generalis
1022 2442 1149 2476 missio-

413 2507 490 2528 num
518 2497 675 2538 appellari
701 2497 846 2537 valcant3
873 2508 932 2530 nec
956 2497 1060 2529 minus
1085 2497 1148 2530 ulla

413 2549 632 2581 iurisdictione
648 2576 655 2588 ,
690 2550 878 2583 auctoritate
904 2554 959 2583 aut
983 2549 1144 2590 facultate,

449 2612 461 2640 1
484 2609 610 2646 Legerem
630 2611 796 2639 observatur
813 2613 853 2649 (a.
875 2612 925 2649 T.)-

979 216 1159 240 BULLARIUM
1183 215 1333 240 ROMANUM

1183 265 1267 297 ultra
1291 264 1323 297 id
1352 263 1438 308 quod
1457 263 1503 297 eis
1521 260 1618 308 supra
1643 256 1927 302 concessunimass‘

1183 323 1259 357 net,
1288 318 1334 350 uti
1360 322 1416 351 aut
1440 319 1581 360 gaudere
1607 323 1838 361 praesumant,
1864 322 1919 353 aut

1184 371 1377 418 gubernium
1394 372 1543 414 regulare
1561 371 1774 413 collegiorum
1792 376 1920 414 pertur-

1183 425 1261 456 bare
1287 425 1442 457 audeant:
1468 425 1506 457 ad
1541 426 1692 467 solosque
1725 424 1918 466 guardianos

1184 477 1344 520 spectabit
1367 477 1506 511 novitios
1536 478 1683 521 recipere
1700 505 1707 517 ‚
1739 477 1856 510 fratres
1879 477 1920 510 ad

1184 530 1435 572 praedicandum
1457 535 1489 563 et
1509 530 1686 563 audiendas
1704 529 1920 563 saecularium

1184 583 1406 617 consessiones
1442 585 1587 617 locorum
1618 583 1797 616 Ordinariis
1827 593 1927 626 prae-⁷

1184 642 1335 677 semare,
1368 642 1400 670 et
1435 647 1605 669 numerum
1641 636 1922 669 missionariorum

1183 690 1387 733 aliorumque
1412 690 1556 730 fratrum,
1583 689 1715 722 servatis
1747 690 1836 722 iuxta
1860 694 1922 722 sta-

1185 747 1252 774 tuta
1272 743 1446 782 servandis,
1462 753 1582 785 augere
1599 743 1648 775 vel
1663 742 1825 782 minuere,
1840 752 1922 785 quae

1184 796 1292 829 omnia
1323 807 1340 828 a
1365 796 1458 829 dictis
1495 795 1681 839 guardianis
1712 794 1810 835 fiant,
1844 795 1923 838 quin

1185 849 1288 882 forma
1319 849 1352 882 in
1377 849 1470 882 dictis
1503 849 1630 881 statutis
1655 859 1672 881 a
1696 847 1810 881 Sancta
1840 847 1922 881 Sede

1184 903 1372 946 approbatis
1390 902 1572 946 aliqualiter
1587 902 1739 935 violetur.
1758 901 1924 935 Praedica-

1185 962 1291 990 torum
1304 967 1381 989 vcro
1411 966 1446 988 ac
1473 955 1744 988 confessariorum
1772 959 1836 987 tam
1861 954 1924 987 sra-

1185 1015 1271 1042 trum
1303 1019 1399 1052 quam
1431 1007 1620 1040 monialium
1650 1012 1681 1040 et
1705 1006 1923 1040 saecularium

1185 1063 1290 1105 prima
1307 1061 1475 1101 institutio,
1494 1070 1625 1094 necnon
1654 1060 1848 1093 clericorum
1866 1070 1924 1094 seu

1186 1115 1401 1148 choristarum
1420 1114 1460 1147 ad
1482 1113 1614 1146 ordines
1638 1113 1846 1156 recipiendos
1871 1113 1925 1147 de2

1186 1167 1338 1207 stinatio,
1365 1167 1405 1200 ad
1431 1168 1519 1200 solos
1544 1166 1729 1209 superiores
1754 1166 1924 1209 generales

1186 1220 1312 1253 illarum
1329 1220 1480 1263 partium,
1495 1220 1527 1252 in
1540 1219 1655 1262 quibus
1672 1218 1846 1252 seminaria
1862 1218 1926 1252 sue-

1187 1274 1260 1313 rint,
1282 1273 1464 1317 spectabit:
1492 1272 1513 1305 ii
1539 1278 1646 1305 autem
1678 1273 1803 1306 nullum
1827 1272 1922 1305 insti-

1189 1332 1301 1366 tuant,
1328 1331 1546 1370 promoveant
1569 1336 1626 1358 seu
1652 1325 1837 1366 destinent,
1862 1324 1925 1358 nisi

1188 1380 1299 1413 habito
1324 1379 1412 1423 prius
1431 1379 1565 1412 consilio
1584 1383 1614 1412 et
1636 1389 1772 1412 assensu
1795 1379 1828 1411 in
1853 1378 1928 1411 scri-

1188 1433 1259 1477 ptis,
1278 1438 1353 1476 post
1367 1438 1514 1466 exactum
1530 1443 1673 1472 examen,
1693 1437 1725 1465 et
1742 1443 1806 1465 non
1821 1432 1926 1473 aliter,

1188 1486 1398 1525 conserendo,
1413 1485 1545 1518 maioris
1571 1485 1669 1527 partis
1694 1484 1877 1518 discretorii
1894 1485 1928 1517 it*

1189 1539 1252 1572 lius
1271 1537 1437 1571 seminarii
1454 1537 1487 1570 in
1505 1548 1568 1581 quo
1586 1547 1711 1570 moram
1733 1537 1842 1570 trahat
1859 1548 1928 1570 exa-

1189 1591 1378 1624 minandus:
1405 1595 1448 1631 at,
1475 1591 1620 1633 praefato
1646 1600 1805 1623 consensu
1830 1590 1929 1623 inter-

1191 1645 1357 1684 veniente,
1382 1644 1532 1687 superior
1557 1643 1718 1687 generalis
1743 1654 1817 1676 suas
1843 1644 1928 1677 litte-

1190 1709 1241 1731 ras
1266 1698 1372 1730 statim
1398 1696 1550 1740 expedire
1576 1696 1752 1737 tenebitur,
1768 1707 1809 1729 ne
1834 1697 1928 1730 semi-

1190 1752 1291 1792 naria,
1311 1751 1352 1785 ob
1378 1751 1446 1784 eius
1473 1751 1669 1794 culpabilem
1692 1761 1826 1791 moram,
1853 1761 1929 1795 ope-

1190 1805 1282 1837 rariis
1308 1804 1501 1838 necessariis
1514 1803 1637 1847 privata
1654 1807 1851 1844 remaneant,
1870 1803 1927 1836 sed

1191 1862 1438 1892 conserventur.
1467 1857 1498 1890 Si
1530 1857 1702 1900 aliquando
1736 1856 1926 1899 contingat,

1191 1912 1276 1955 quod
1302 1910 1419 1954 aliquis
1440 1909 1618 1953 religiosus,
1646 1909 1700 1952 qui
1725 1908 1830 1942 officio
1855 1908 1929 1942 defi-

1191 1965 1306 1998 nitoris
1331 1963 1504 2007 generalis,
1525 1962 1739 1996 commissarii
1765 1962 1926 2005 generalis

1191 2019 1319 2059 Curiae,
1345 2015 1564 2061 procuratoris
1590 2015 1752 2059 generalis
1777 2015 1926 2056 Ordinis,

1191 2071 1404 2106 commissarii
1431 2070 1593 2114 generalis
1617 2069 1766 2109 familiae,
1788 2069 1928 2103 ministri

1192 2124 1364 2168 generalis,
1386 2135 1443 2157 seu
1461 2124 1572 2157 vicarii
1598 2128 1652 2156 aut
1678 2122 1929 2157 vicecommissa·

1192 2178 1230 2211 rii
1256 2178 1418 2221 generalis
1442 2177 1568 2210 functus
1592 2176 1704 2216 suerit,
1731 2176 1769 2209 ad
1795 2175 1928 2219 aliquod

1193 2242 1229 2264 ex
1256 2231 1348 2264 dictis
1374 2230 1558 2264 seminariis
1578 2240 1635 2264 seu
1660 2229 1806 2273 collegiis
1825 2234 1928 2263 trans-

1192 2290 1251 2325 eat,
1279 2290 1309 2318 et
1338 2284 1381 2317 ibi
1407 2283 1594 2317 missionum
1627 2282 1779 2316 exercitio
1811 2292 1927 2316 vacare

1192 2338 1364 2378 desideret,
1382 2337 1490 2372 statim
1507 2347 1523 2369 a
1541 2336 1720 2380 guardiano
1734 2341 1766 2370 et
1779 2335 1925 2370 discretis

1191 2392 1377 2435 recipiatur.
1404 2390 1560 2430 Ceterum,
1583 2401 1623 2424 ne
1647 2390 1779 2434 propria
1803 2390 1928 2433 provin·

1191 2446 1250 2484 cia,
1270 2450 1324 2478 aut
1340 2446 1581 2478 ultramontana
1606 2444 1736 2483 familia,
1762 2453 1818 2476 seu
1843 2448 1926 2478 totus

1190 2497 1275 2531 Ordo
1310 2498 1386 2530 viris
1419 2497 1451 2530 in
1488 2496 1643 2540 gubernio
1678 2497 1760 2530 adeo
1785 2497 1926 2540 expertis

1192 2551 1323 2584 omnino
1345 2550 1497 2594 privetur,
1514 2550 1616 2583 dictus
1633 2554 1736 2593 pater,
1753 2549 1878 2582 etiamsi
1893 2549 1927 2582 in

1191 2604 1327 2647 collegio
1353 2615 1409 2638 seu
1433 2603 1609 2641 seminario
1627 2604 1666 2637 de
1692 2602 1814 2637 familia
1834 2603 1924 2649 vivat,

1916 208 1971 244 An.
1988 215 2018 243 c.
2040 215 2108 243 teas
