2111 3157
13 167 64 200 An.
83 170 112 198 c.
131 166 198 198 ¹078

47 491 193 518 Transumpto-

9 517 57 539 *uin
72 519 132 539 intes.

166 1195 168 1198 >
190 1220 192 1224 γ
236 1182 294 1210 Dat.
312 1184 356 1210 die
375 1183 405 1210 18
420 1183 510 1219 aprilis
528 1183 604 1216 1678,
621 1184 720 1217 pontit.
744 1190 815 1208 anno
831 1188 858 1208 ιι.

778 171 990 197 iNNocnx‘rlt's
1011 172 1043 196 XI
1068 171 1118 196 PF.

203 220 336 252 insertis
361 220 534 260 habentes,
556 220 618 254 illis
643 221 721 253 alias
745 220 777 252 in
802 232 858 253 suo
884 231 935 252 ro-

203 272 283 304 bore
304 274 531 314 permansuris,
559 274 597 305 ad
622 273 873 316 praemissorum
891 272 936 304 ef-

204 325 334 363 fectum,
352 325 412 357 hac
427 326 493 358 vice
511 327 682 364 dumtaxat,
702 325 886 367 specialiter
904 330 935 357 et
955 356 957 372 Ι

204 387 355 420 expresse
381 378 586 420 derogamus;
605 379 785 420 ceterisque
810 383 935 410 contra-
955 376 958 408 t

203 429 259 460 riis
277 429 541 472 quibuscumque.

247 481 261 523 g
285 481 316 513 5.
342 482 493 514 Volumus
527 487 633 514 autem
669 487 704 513 ut
747 481 933 514 earumdem

204 533 420 576 praesentium
444 534 622 566 litterarum
644 533 864 575 transumptis,
879 543 933 565 seu
955 545 956 573 ἦ

204 585 368 627 exemplis,
383 585 479 617 etiam
496 584 670 627 impressis,
688 596 782 617 manu
802 585 935 617 alicuius
954 577 956 608 i

203 637 321 669 notarii
339 637 458 679 publici
474 638 673 680 subscriptis,
691 643 724 670 et
738 638 845 679 sigillo
864 649 936 680 per·
955 628 956 644 ³

203 700 302 722 sonae
321 690 353 721 in
373 690 590 722 ecclesiastica
607 690 763 732 dignitate
782 691 936 723 constitu-

203 748 254 775 tae
279 743 421 782 munitis,
442 743 554 775 eadem
572 753 706 785 prorsus
723 743 802 775 fides
820 749 882 775 tam
902 744 933 776 in

202 795 321 828 iudicio
346 805 439 837 quam
465 801 555 827 extra
583 795 662 828 illud
694 796 813 839 ubique
849 798 936 829 loco-

202 861 273 883 rum
311 853 482 895 habeatur,
522 867 603 899 quae
647 854 823 886 haberetur
857 853 934 895 ipsis

203 911 431 955 praesentibus
470 911 496 944 si
533 911 641 944 forent
679 909 846 942 exhibitae
883 908 933 940 vel

203 968 368 997 ostensae.

246 1016 358 1048 Datum
384 1017 517 1055 Romae,
550 1015 634 1060 apud
657 1015 687 1049 S.
707 1015 847 1053 Petrum,
875 1013 932 1045 sub

203 1070 322 1102 annulo
367 1069 562 1108 piscatoris,
608 1069 659 1101 die
699 1077 777 1100 xvm
822 1066 933 1109 aprilis

203 1131 403 1162 uncrxxvni,
430 1121 638 1164 pontificatus
660 1120 761 1154 nostri
787 1130 871 1152 anno
895 1130 930 1152 11.

499 1323 634 1357 xxxix.

203 1401 425 1444 Confirmalur
449 1402 608 1435 decretum
633 1401 814 1435 cardinalis
832 1405 932 1444 prole-

243 1455 349 1493 eloris,
374 1465 436 1497 quo
460 1458 618 1487 statutum
643 1455 705 1497 fuit
729 1458 765 1486 ut
786 1453 929 1485 commis-

242 1508 351 1540 sarius
384 1507 629 1540 Terraesanctae
662 1505 797 1539 Ordinis
831 1506 931 1538 Mino-

241 1570 315 1592 rum
334 1560 439 1592 sancti
460 1559 627 1592 Francisci
643 1558 782 1601 Neapoli
807 1557 929 1600 deqens,

243 1613 272 1644 si
296 1612 393 1654 sileri!
412 1611 449 1643 de
470 1611 690 1649 observantia,
722 1611 758 1642 in
777 1614 929 1642 conventu

243 1663 275 1696 S.
304 1663 427 1695 Mariae
461 1662 581 1701 Nat-ae,
622 1662 758 1694 mimine
788 1671 859 1694 vero
894 1662 927 1693 in

979 220 1059 252 ratio
1084 220 1116 252 in
1131 217 1340 252 conventibus
1362 217 1493 251 fratrum
1510 216 1709 249 Reformato-

976 282 1044 303 rum
1072 272 1215 304 maximis
1241 271 1453 304 incommodis
1479 279 1604 302 causam
1622 279 1710 311 prae-

978 325 1078 363 beret,
1097 335 1168 356 cum
1188 324 1378 366 gravissimo
1395 322 1552 365 regularis
1571 321 1710 363 discipli-

978 386 1037 408 nae
1053 387 1089 408 ac
1103 376 1235 408 instituti
1250 375 1487 409 reformationis
1501 373 1708 415 detrimento)

978 429 1046 470 ipse
1071 428 1219 461 minister
1236 428 1441 471 provincialis
1464 426 1637 471 plurimum
1655 436 1708 457 cu-

977 480 1085 522 piebat
1119 491 1135 512 a
1175 481 1268 513 nobis
1300 480 1442 513 ordinari
1477 485 1512 511 ut
1544 477 1707 521 praefatus

976 532 1237 572 commissarius,
1263 534 1328 565 una
1359 543 1429 564 cum
1460 531 1608 565 omnibus
1638 531 1708 563 aliis

977 584 1127 617 fratribus
1146 585 1184 617 de
1209 584 1427 624 Observantia,
1443 595 1524 627 quos
1547 589 1707 626 tamquam

977 637 1081 669 socios
1113 648 1188 670 suos
1219 648 1329 670 secum
1364 638 1395 669 in
1421 637 1607 679 supradicto
1632 646 1707 669 eon-

976 695 1071 721 vcntu
1124 691 1257 722 fratrum
1293 690 1547 722 Reformatorum
1585 689 1704 728 habet,

977 742 1050 775 inde
1087 743 1240 785 migraret
1275 743 1313 775 ad
1353 743 1493 785 aliquem
1531 752 1566 773 ex
1603 741 1706 773 tribus

975 795 1186 828 conventibus
1204 796 1339 828 fratrum
1365 796 1403 828 de
1427 794 1638 827 Observantia
1661 794 1707 826 di-

976 853 1043 879 ctae
1061 847 1195 880 civitatis
1212 848 1451 891 Neapolitanae,
1474 847 1506 880 in
1527 858 1589 890 quo
1609 846 1707 878 futuri

975 900 1195 941 commissarii,
1222 901 1247 933 si
1274 901 1507 934 essentfratres
1533 901 1571 933 de
1592 900 1708 932 Obser-

974 954 1087 993 vantsti,
1100 955 1222 998 pariter
1238 955 1382 988 habitare
1397 956 1562 995 deberent,
1576 955 1706 997 quando

975 1019 1051 1042 vero
1076 1015 1184 1041 essent
1208 1019 1243 1041 ex
1270 1008 1420 1041 fratribus
1440 1009 1634 1041 Reformatis
1657 1012 1706 1044 vel

977 1061 1180 1094 Discalceatis
1211 1061 1395 1104 provinciae
1420 1061 1450 1094 S.
1478 1061 1563 1094 Petri
1589 1062 1628 1095 de
1654 1064 1707 1096 Al-

975 1118 1113 1153 cantara,
1132 1113 1162 1146 in
1185 1114 1371 1156 supradicto
1396 1120 1555 1147 conventu
1574 1116 1704 1150 fratrum

933 1209 937 1214 ·
975 1166 1230 1199 Reformatorum
1262 1173 1546 1200 commorarentur:
1572 1179 1641 1209 nos,
1658 1170 1706 1202 in-

975 1219 1125 1251 stantiam
1142 1219 1236 1251 nobis
1262 1230 1278 1251 a
1296 1219 1380 1252 dicto
1407 1220 1556 1253 ministro
1580 1223 1706 1264 provin-

974 1272 1045 1305 viali
1072 1282 1170 1315 super
1195 1271 1376 1314 praemissis
1394 1272 1506 1305 factam
1524 1274 1706 1309 remisimus

974 1325 1012 1357 ad
1038 1324 1257 1357 venerabilem
1284 1324 1413 1356 fratrem
1438 1330 1583 1358 nostrum
1608 1327 1706 1360 Fran-

974 1378 1091 1409 ciscum
1115 1376 1309 1419 ‘episcopum
1342 1376 1521 1410 Ostiensem
1545 1378 1576 1411 S.
1604 1379 1641 1412 R.
1668 1379 1702 1412 Ε.

974 1430 1168 1463 cardinalem
1188 1429 1396 1462 Barberinum
1421 1436 1638 1473 nuncupatum
1654 1431 1705 1465 Or-

974 1483 1057 1516 dinis
1082 1482 1214 1526 praefati
1241 1482 1324 1524 apud
1350 1493 1407 1515 nos
1427 1488 1460 1515 et
1483 1483 1597 1516 Sedem
1623 1485 1707 1528 Apo-

973 1535 1117 1568 stolicam
1127 1539 1351 1578 protectorem,
1363 1536 1415 1578 qui
1432 1536 1573 1579 desuper
1587 1548 1706 1581 oppor-

973 1596 1049 1623 tune
1070 1588 1264 1632 provideret.
1290 1587 1380 1620 Unde
1406 1588 1490 1621 idem
1516 1589 1703 1623 Franciscus

972 1643 1143 1686 episcopus
1169 1640 1339 1673 cardinalis
1359 1645 1387 1672 et
1406 1646 1572 1684 protector
1592 1642 1704 1675 deere-

1627 153 1668 192 90
1715 166 1764 193 Λη.
1787 165 1815 192 c.
1834 158 1902 192 1678

972 1702 1038 1728 tum
1066 1694 1166 1727 edidit
1190 1693 1312 1725 tenoris
1344 1693 1396 1735 qui
1422 1694 1591 1736 sequitur,
1616 1694 1704 1729 vide-

973 1749 1064 1781 licvt:
1097 1760 1109 1777 α
1144 1746 1281 1779 Attentis
1314 1746 1489 1789 expositis,
1515 1748 1704 1781 auctoritate
1717 1747 1901 1794 d⁰⁰²'⁹¹¹¹¹¹¹⁰³‘·

1732 1776 1794 1794 unalis
1829 1778 1902 1801 prot·-

973 1800 1066 1833 nobis
1090 1810 1108 1832 a
1133 1799 1185 1832 SS.
1212 1799 1247 1831 D.
1275 1798 1311 1831 N.
1338 1799 1501 1837 attributa,
1527 1800 1637 1842 illique
1657 1801 1789 1833 in-⁰¹¹’s¹⁸·

242 1715 343 1747 allero
374 1715 429 1748 SS.
468 1715 638 1747 Trinitatis
670 1715 927 1756 Reformatorum

242 1771 464 1802 commoretur.

384 1845 578 1873 Innocentius
598 1845 675 1877 Papa
695 1845 743 1877 xl,

31 1956 119 1985 spoctes
135 1959 189 1980 tacti.

339 1891 374 1916 ad
395 1890 526 1916 futuram
545 1889 588 1916 rei
608 1889 789 1915 memoriam.

243 1960 258 2003 ἓ
274 1959 305 1991 1.
322 1957 442 2001 Nuper,
457 1968 514 1999 pro
528 1963 618 2000 parte
634 1957 739 1990 dilecti
755 1957 812 1989 filii
837 1957 929 1989 mini-

199 2012 257 2044 stri
272 2010 477 2054 provincialis
493 2009 679 2052 provinciae
690 2008 928 2041 Terraelaboris

198 2065 328 2098 fratrum
346 2063 500 2095 Minorum
519 2062 619 2094 sancti
636 2061 795 2094 Francisci
808 2062 847 2094 de
864 2061 927 2094 Oh-

196 2117 356 2150 servantiz't
381 2115 644 2147 Reformatorum
671 2119 926 2157 nuncupatorum

197 2168 290 2202 nobis
310 2167 466 2210 exposito,
479 2166 563 2209 quod
580 2166 664 2207 (cum
684 2166 818 2198 dilectus
832 2166 926 2198 etiam

197 2220 281 2253 silius
301 2220 477 2252 modernus
491 2217 727 2251 commissarius
742 2218 928 2250 Terraesau-

197 2278 277 2312 ctae,
300 2272 354 2315 qui
381 2277 428 2304 est
447 2272 542 2303 frater
563 2271 600 2302 de
621 2270 831 2303 Observautia
852 2270 925 2303 dicti

196 2323 377 2362 Ordinis,in
404 2328 558 2356 conventu
585 2322 637 2355 SS.
665 2322 827 2355 Trinitatis
851 2323 927 2355 civi-

197 2378 269 2409 tatis
290 2377 518 2419 Neapolitanae
538 2377 668 2409 fratrum
689 2376 727 2409 de
750 2376 927 2409 Observan-

172 2432 174 2435 ·
201 2425 261 2458 tia‘
296 2428 372 2461 dicti
405 2428 534 2461 Ordinis
560 2428 740 2467 habitaret,
768 2428 925 2462 eiusmodi

198 2485 307 2516 autem
330 2481 460 2513 fratrum
493 2481 531 2514 de
556 2481 763 2514 Observantia
787 2491 927 2514 commo-

232 2543 243 2569 1
261 2541 378 2576 Legeud.
397 2541 436 2568 vel
451 2541 565 2569 addend.
584 2542 863 2579 Ref07·matorum(n.
875 2543 923 2578 T.).

973 1851 1155 1890 haerendo,
1183 1855 1260 1890 etc„
1293 1850 1549 1884 commissarium
1574 1852 1706 1886 Terrae-

971 1908 1101 1936 sanctae
1127 1903 1159 1935 in
1185 1902 1313 1935 civitate
1341 1902 1493 1945 Neapolis
1519 1904 1701 1946 degentem,

972 1957 996 1988 si
1024 1956 1121 1988 fucrit.
1145 1955 1183 1988 de
1206 1955 1422 1996 observantia,
1448 1956 1646 1998 assignamus
1664 1958 1703 1991 de

971 2007 1089 2041 familia
1121 2007 1153 2039 in
1189 2013 1346 2040 conventu
1382 2008 1413 2040 S.
1451 2008 1567 2041 Mariae
1599 2009 1703 2043 Novae

971 2063 1103 2094 fratrum
1129 2061 1278 2093 similiter
1295 2061 1333 2093 de
1359 2060 1582 2101 Observantia;
1602 2062 1627 2094 si
1648 2073 1703 2095 au·

971 2120 1032 2147 tcm
1059 2114 1155 2146 fuerit
1179 2124 1215 2146 ex
1242 2113 1492 2154 Reformatione,
1518 2115 1620 2147 velex
1641 2115 1702 2148 fra-

970 2167 1073 2200 tribus
1088 2166 1290 2199 Discalceatis
1304 2165 1486 2208 Hispaniae,
1498 2165 1529 2198 in
1544 2172 1703 2201 conventu

969 2219 1022 2252 SS.
1040 2219 1203 2251 Trinitatis
1230 2218 1486 2250 Reformatorum
1505 2218 1645 2251 eiusdem
1664 2219 1702 2252 ci-

970 2271 1075 2303 vitatis
1087 2271 1246 2313 Neapolis,
1258 2270 1442 2313 provinciae
1452 2270 1701 2312 Tem‘aelaboris‘,

970 2323 1206 2367 praecipientes
1236 2333 1295 2365 per
1323 2332 1444 2355 sacram
1470 2323 1699 2365 obedientizm,

969 2383 1000 2409 et
1023 2376 1081 2408 sub
1106 2375 1285 2418 privatione
1311 2380 1437 2407 actuum
1461 2375 1677 2417 legitimorum
1692 2403 1699 2416 ‚

969 2440 1029 2462 nec
1053 2439 1118 2461 non
1144 2428 1204 2460 sub
1229 2428 1299 2461 aliis
1318 2428 1431 2470 poenis
1455 2429 1548 2461 nobis
1574 2429 1701 2462 arbitra-

968 2482 1032 2521 riis,
1049 2482 1081 2513 F.
1102 2480 1211 2514 loanni
1238 2481 1384 2513 Andreae
1409 2481 1448 2514 de
1461 2481 1698 2521 Lacumarvino,

970 2535 1008 2567 ad
1033 2543 1187 2577 praesens
1205 2533 1426 2566 commissario
1451 2533 1700 2568 Terracsanctae
