2111 3157
15 174 62 199 An.
79 171 107 196 C.
129 168 195 195 ¹680

52 233 100 253 ntae.
120 231 192 252 contir-

185 268 306 304 'tiones
325 277 354 304 et
372 277 462 305 taxae
481 278 512 305 et
528 272 727 315 provisiones
747 273 931 315 praedictae

14 265 93 281 mantur-
106 267 118 281 a

13 287 76 308 tilica.

246 217 261 260 ἓ
285 217 315 251 2.
342 218 405 251 Nos
431 219 551 262 itaque,
575 220 720 253 volentes
745 224 779 252 ut
804 220 932 252 ordina-

202 333 296 356 manu
323 324 399 357 dieti
431 324 560 371 Iosephi
597 325 710 358 Renati
742 324 931 358 thesaurarii

200 376 305 408 nostri
342 376 402 409 sub
436 377 486 410 die
521 387 581 410 xxx
615 378 724 420 aprilis
757 387 932 411 unetxxmx

201 428 354 469 firmatae,
373 440 410 462 ac
431 431 538 463 omnia
555 436 586 463 et
603 431 727 473 singula
743 431 776 462 in
794 431 839 463 eis
858 441 933 463 eon-

203 486 301 521 tenta,
329 493 478 525 expressa
499 488 530 516 et
547 484 738 516 demandata
762 494 934 526 quaecum-

202 543 272 576 que,
293 539 454 578 tamquam
479 535 517 568 de
543 537 695 568 mandato
720 541 751 568 et
767 537 931 568 voluntate

201 586 320 619 nostris
345 592 454 629 gesta,
489 598 581 621 suum
613 588 792 631 plenarium
823 588 931 620 sortiri

200 639 344 672 debeant
369 639 538 681 effectum,
563 651 600 674 ac
623 642 727 683 utJea‚
760 646 931 683 ceteraque

202 692 234 724 in
261 692 318 732 eis,
340 698 375 725 ut
400 704 506 736 supra,
531 698 692 732 contenta,
716 693 871 726 validiora
903 699 933 726 et

197 743 344 778 ‘firmiora
368 746 788 789 subsistant,omnibusque
804 746 933 778 innote-

202 803 302 837 scant,
318 803 349 830 et
377 809 395 831 a
419 798 541 830 cunetis
567 798 746 831 secretariis
772 803 802 831 et
824 808 933 840 prose-

203 850 350 883 eretariis
369 855 400 883 et
420 851 491 884 aliis
517 851 696 890 antedictis,
721 860 806 883 nunc
823 856 854 882 et
873 861 931 892 pro

202 906 348 946 tempore
365 903 585 943 existentibus,
601 907 761 946 perpetuo
785 908 816 935 et
834 903 933 935 invio-

201 954 345 988 labiliter
369 960 545 994 serventur,
572 960 659 988 motu
674 949 828 998 proprio,
847 960 878 987 et
895 965 930 986 ex

202 1008 290 1040 certa
328 1007 460 1039 scientia
493 1005 733 1050 deliberataque
767 1008 931 1039 voluntate

201 1059 329 1099 nostris,
347 1070 383 1092 ac
400 1059 439 1092 de
458 1059 654 1102 apostolicae
677 1059 848 1103 potestatis
865 1061 933 1102 ple-

201 1111 359 1152 nitudine,
378 1112 416 1144 de
438 1112 596 1144 contentis
620 1112 651 1144 in
669 1113 841 1155 praedictis
858 1123 932 1155 pro-

200 1163 398 1203 visionibus,
425 1164 683 1197 ordinationibus
718 1170 748 1197 et
783 1165 861 1197 taxis
893 1165 930 1197 ad

201 1217 335 1260 plenum
357 1216 531 1257 informati,
556 1217 750 1260 illarumque
785 1223 931 1250 tenorem

203 1270 242 1303 de
265 1270 364 1303 verbo
389 1271 428 1303 ad
452 1271 583 1303 verbum
614 1270 839 1314 praesentibus
872 1280 932 1313 pro

203 1323 376 1366 expressis,
398 1323 527 1356 insertis
554 1328 585 1355 et
610 1323 789 1365 registratis
814 1323 933 1355 liaben-

202 1381 272 1416 tes,
298 1375 518 1418 provisiones,
545 1375 766 1408 ordinationes
792 1380 822 1407 et
847 1380 932 1407 taxas

201 1428 302 1472 ipsas,
331 1428 504 1471 omniaque
529 1433 560 1460 et
584 1428 710 1470 singula
734 1428 766 1460 in
791 1429 836 1460 eis
862 1438 933 1460 een-

193 1486 300 1521 tenta,
319 1491 471 1524 expressa
495 1486 526 1513 et
551 1481 739 1514 demandata
762 1490 933 1523 quaecum-

202 1544 274 1576 que,
290 1539 404 1566 tenore
426 1535 642 1577 praesentium
660 1533 884 1566 confirmamus
902 1539 932 1566 et

203 1592 235 1619 et
258 1587 487 1629 approbamus,
514 1597 550 1619 ac
574 1587 638 1619 illis
664 1587 860 1629 apostolicae
881 1586 933 1618 fir-

201 1638 319 1671 mitatis
341 1638 441 1671 robur
461 1638 636 1679 adiicimus,
654 1638 802 1671 omnibus
818 1643 850 1670 et
870 1639 934 1670 sin-

201 1692 285 1734 gulis
309 1697 372 1724 tam
397 1692 476 1724 iuris
508 1702 602 1734 quam
633 1692 705 1724 facti
731 1697 761 1724 et
785 1692 935 1724 solemni-

200 1750 316 1785 tatum,
339 1745 539 1788 quantumvis
572 1745 838 1784 necessariarum,
859 1746 934 1777 sub-

201 1797 396 1830 stantialium
412 1803 443 1829 et
460 1797 649 1836 formalium,
665 1808 700 1829 ex
721 1797 932 1840 dispositione

201 1859 475 1892 quarumcumque
495 1849 764 1882 constitutionum
778 1850 932 1892 apostoli-

201 1912 309 1934 carum
327 1902 437 1934 forsan
455 1901 682 1944 requisitarum
702 1901 888 1940 defectibus,
906 1902 931 1933 si

201 1954 254 1997 qui
280 1954 312 1986 in
338 1953 523 1997 praemissis
547 1952 803 1992 intervenerint,
834 1958 929 1991 motu,

201 2006 336 2039 scientia
368 2011 399 2039 et
422 2005 593 2048 potcstatis
618 2005 820 2048 plenitudine
845 2006 932 2038 simi-

199 2059 284 2093 libus
320 2058 453 2092 omnino
492 2058 702 2101 supplemus,
737 2058 930 2101 easdemque

199 2111 414 2156 provisiones,
436 2110 664 2149 ordinationes,
695 2111 930 2144 declarationes

201 2169 232 2197 et
257 2169 343 2196 taxas
368 2163 545 2206 respective
570 2162 740 2205 publicari,
766 2168 798 2195 et
822 2174 838 2195 a
863 2164 931 2206 qui-

198 2216 402 2259 buscumque
430 2215 585 2248 dictorum
610 2215 767 2247 montium
793 2220 855 2247 tam
880 2227 930 2248 va-

199 2268 352 2301 cabilium
370 2278 465 2311 quam
491 2277 556 2300 non
579 2266 781 2306 vacabilium,
801 2267 866 2300 sive
892 2269 928 2300 ad

199 2321 366 2355 Cameram
394 2326 555 2359 nostram,
582 2320 648 2352 sive
679 2320 717 2352 ad
742 2320 927 2363 principes,

199 2375 355 2413 barones,
392 2373 637 2407 communitates
654 2399 661 2412 ,
687 2372 928 2413 universitates,

199 2427 398 2469 religiones,
430 2431 484 2458 aut
512 2426 590 2458 alias
622 2424 748 2468 quasvis
776 2435 930 2467 personas

200 2479 446 2523 quomodolibet
470 2477 682 2521 spectantium
707 2477 928 2519 depositariis,

199 2532 381 2566 secretariis
394 2558 401 2570 ,
426 2529 692 2573 proseeretariis,
718 2529 927 2572 computistis,

780 172 989 196 INNOCENTIUS
1011 173 1041 196 Xl
1066 173 1114 197 FP.

975 220 1258 263 procomputistis,
1285 220 1478 264 proxenitis,
1503 226 1533 253 et
1557 221 1639 260 aliis,
1667 222 1705 253 ad

976 283 1054 315 quos
1067 279 1197 316 spectat,
1217 280 1248 306 et.
1272 274 1303 306 in
1323 274 1462 306 futurum
1489 281 1635 316 spectare
1654 285 1706 316 po-

976 326 1061 366 terit,
1083 327 1142 359 sub
1168 327 1280 370 poenis
1300 327 1330 359 in
1350 326 1471 359 eisdem
1496 327 1705 359 ordinationi-

974 379 1033 410 bus
1059 384 1090 411 et
1116 379 1194 412 taxis
1219 380 1387 421 irrogatis,
1412 390 1447 411 ac
1471 379 1604 411 arbitrio
1631 379 1705 411 dicti

976 437 1006 464 et
1018 442 1076 474 pro
1090 437 1236 474 tempore
1259 433 1358 464 nostri
1376 437 1406 464 et
1419 432 1568 464 Gamerae
1583 437 1706 474 aposto-

976 484 1054 517 licae
1076 485 1265 517 thesaurarii
1290 485 1483 527 irrogandis,
1511 486 1703 517 inconcusse

975 547 1011 568 ac
1034 537 1265 570 inviolabiliter
1299 537 1482 577 observari,
1517 538 1607 569 acin
1640 537 1706 569 sin-

975 589 1058 630 gulis
1089 589 1248 622 dictorum
1274 589 1542 632 depositariorum
1558 589 1704 628 banchis,

975 641 1287 684 secretariorumque
1309 647 1341 674 et
1364 642 1637 685 computistarum,
1656 651 1706 673 ce-

975 698 1185 736 terorumque
1217 694 1450 736 praedictorum
1478 694 1625 726 domibus
1650 694 1707 725 im-

975 756 1100 787 pressas
1114 746 1147 779 in
1167 748 1239 779 loco
1256 746 1401 789 publico,
1419 757 1483 789 quo
1501 747 1538 778 ab
1557 747 1704 779 omnibus

975 797 1102 840 inspici,
1128 799 1189 841 legi
1213 804 1244 830 et
1268 799 1404 840 intelligi
1430 799 1569 841 possint,
1596 800 1704 831 assixas

976 850 1106 882 retineri
1131 851 1330 889 mandamus,
1350 856 1380 882 et
1405 850 1447 882 ita
1472 856 1503 882 et
1524 861 1588 884 non
1613 851 1706 884 aliter

975 911 1032 945 per
1046 903 1175 935 eosdem
1190 903 1346 935 montium
1361 908 1570 945 protectores,
1583 909 1613 935 et
1629 904 1706 936 alios

976 955 1102 997 quosvis
1133 955 1256 987 iudices
1286 955 1468 987 ordinarios
1500 961 1532 987 et
1563 961 1706 987 extraor-

976 1007 1126 1046 dinarios,
1153 1007 1399 1047 commissarios,
1427 1008 1603 1049 delegatos,
1633 1009 1706 1039 sub-

976 1060 1152 1102 delegatos,
1176 1071 1212 1093 ac
1237 1061 1344 1092 curiae
1365 1071 1532 1093 causarum
1557 1060 1705 1093 Gamerae

976 1113 1181 1155 praedictae,
1215 1113 1360 1156 sacrique
1393 1114 1501 1156 palatii
1534 1114 1705 1156 apostolici

975 1165 1160 1205 auditoreS,
1186 1175 1312 1198 necnon
1337 1166 1500 1199 Cameram
1526 1166 1648 1208 ipsam,
1674 1167 1707 1199 il-

976 1218 1100 1260 liusque
1127 1219 1346 1258 camerarium,
1374 1219 1633 1257 thesaurarium,
1656 1220 1707 1251 de-

975 1279 1100 1308 canum,
1119 1270 1263 1308 clericos,
1278 1270 1506 1312 praesidentes,
1522 1276 1553 1302 et
1569 1270 1599 1303 S.
1617 1271 1652 1302 R.
1669 1271 1702 1302 E.

975 1322 1175 1362 cardinales,
1203 1323 1297 1354 etlam
1324 1323 1361 1355 tle
1390 1324 1489 1355 latere
1517 1324 1648 1364 legatos,
1675 1329 1706 1355 et

975 1375 1084 1416 quavis
1105 1376 1293 1408 auctoritate
1313 1377 1489 1417 fungentes,
1509 1377 1537 1408 in
1558 1387 1707 1417 quacum-

976 1438 1035 1469 que
1062 1428 1220 1467 instantia,
1253 1429 1376 1460 sublata
1398 1429 1443 1460 eis
1476 1428 1584 1470 quavis
1615 1429 1707 1461 aliter

975 1479 1136 1512 iudicandi
1153 1486 1181 1512 et
1197 1481 1431 1523 interpretandi
1449 1481 1607 1519 facultate,
1627 1481 1708 1513 iudi-

975 1533 1040 1565 cari
1060 1538 1090 1565 et
1116 1533 1240 1565 definiri
1264 1534 1381 1565 debere
1406 1533 1618 1572 mandamus,
1638 1533 1707 1565 irri-

976 1591 1105 1628 tumque
1138 1592 1168 1618 et
1192 1586 1286 1618 inane
1312 1586 1468 1628 quidquid
1495 1596 1590 1628 super
1615 1586 1665 1617 liis
1690 1598 1706 1617 a

975 1649 1148 1681 quoquam,
1168 1638 1306 1670 scienter
1322 1639 1371 1670 vel
1392 1638 1588 1680 ignoranter,
1605 1639 1707 1670 couti—

976 1692 1057 1733 gerit
1081 1691 1242 1731 attentari,
1272 1691 1347 1723 licet
1373 1691 1411 1723 ad
1437 1691 1468 1723 id
1494 1701 1556 1723 non
1586 1692 1705 1723 voeatis

976 1755 1081 1787 neque
1096 1744 1212 1776 auditis
1228 1744 1392 1786 quibusvis
1407 1744 1554 1786 personis
1570 1744 1707 1786 desuper

975 1798 1130 1829 interesse
1153 1796 1347 1828 habentibus
1376 1796 1442 1828 sive
1468 1797 1588 1829 habere
1614 1808 1707 1838 prae-

976 1850 1191 1888 tendentibus,
1209 1860 1245 1881 ac
1258 1860 1323 1882 non
1342 1850 1542 1882 obstantibus
1555 1850 1705 1882 omnibus

974 1907 1005 1933 et
1029 1901 1184 1944 singulis,
1211 1912 1291 1944 quae
1321 1901 1353 1933 in
1386 1902 1507 1934 eisdem
1533 1902 1707 1934 ordinatio-

975 1955 1068 1986 nibus
1095 1960 1126 1986 et
1149 1954 1388 1997 provisionibus
1416 1954 1533 1986 dictum
1559 1955 1616 1986 suit
1640 1965 1706 1987 non

974 2007 1112 2045 obstare,
1131 2016 1254 2038 necnon
1281 2006 1442 2048 quibusvis
1466 2007 1704 2048 praedictorum

975 2059 1130 2091 montium
1150 2058 1366 2090 erectionibus
1387 2064 1418 2090 et
1433 2059 1704 2099 institutionibus,

973 2122 1009 2144 ac
1033 2111 1162 2143 illorum
1195 2110 1405 2152 collegiorum
1437 2111 1582 2149 statutiS,
1609 2111 1704 2143 etiam

973 2164 1163 2201 iuramento,
1183 2162 1425 2195 confirmatione
1447 2163 1633 2205 apostolica,
1655 2164 1705 2195 vel

973 2216 1083 2259 quavis
1116 2215 1177 2247 alia
1197 2215 1347 2247 firmitate
1376 2216 1555 2255 roboratis,
1585 2216 1705 2248 minus-

973 2278 1033 2311 que
1059 2269 1170 2310 regula
1183 2267 1402 2300 Cancellariae
1420 2273 1551 2300 nostrae
1569 2269 1607 2300 de.
1633 2270 1702 2301 iure

973 2320 1119 2363 quaesito
1135 2329 1198 2351 non
1218 2320 1372 2359 tollendo,
1393 2329 1499 2362 neque
1514 2321 1614 2364 stylis,
1633 2332 1704 2354 con-

972 2371 1203 2410 suetudinibus,
1228 2371 1413 2413 privilegiis,
1441 2373 1581 2412 indultis,
1608 2374 1704 2406 facul—

973 2424 1107 2462 tatibus,
1141 2424 1323 2466 litterisque
1359 2425 1544 2466 apostolicis
1580 2426 1702 2459 eisdem

972 2475 1219 2519 protectoribus,
1240 2476 1334 2508 etiam
1361 2477 1585 2518 cardinalibus,
1603 2489 1639 2510 ac
1656 2480 1702 2510 di-

972 2528 1030 2561 ctis
1043 2528 1217 2568 montibus,
1231 2538 1418 2572 eorumque,
1433 2535 1464 2561 et
1477 2530 1610 2563 cuilibet
1623 2531 1702 2574 ipso·

1602 164 1663 197 047
1711 174 1759 200 Au.
1778 174 1805 200 c.
1829 175 1895 202 unsa
