2111 3157
141 199 236 226 amc.
256 197 323 224 uiso
368 188 432 223 9236

333 246 377 278 ris
404 245 635 283 hebdomadae,
661 243 691 278 S.
719 243 908 277 Catbarinae
936 242 1068 284 virgiiiis

333 306 364 331 et
388 300 546 343 martyris,
573 299 625 331 ὃὸ.
654 298 816 330 Trinitatis
841 302 872 329 et
888 296 919 329 S.
937 296 1068 338 Agnetis

333 353 473 384 seeundo
499 352 568 383 dies
595 351 686 389 sesti,
712 351 744 382 in
775 350 891 392 quibus
922 349 1007 381 bona
1038 354 1069 380 et

333 404 483 445 sulii-agia
502 403 670 445 religionis
697 402 975 434 communicantur
991 401 1066 434 solis

332 457 547 489 confratribus
568 461 599 487 et
615 454 777 487 sororibus
795 453 1067 486 confraternitatis

329 665 453 705 pendae
478 665 703 703 iuterl‘uei·int;
732 664 805 707 quia
830 674 906 696 vero
939 665 1066 695 confra-

331 723 394 748 tres
421 723 451 748 et
483 727 609 749 sorores
633 716 796 748 schedulis
825 715 989 758 impressis
1014 716 1063 748 vel

327 769 556 810 manuscriptis
572 769 695 801 invitari
711 779 775 800 non
791 769 906 806 solent,
919 778 978 800 suo
992 773 1064 800 tem-

327 831 407 864 pore
433 828 462 854 et
488 822 597 853 debita
622 822 870 864 praeparatione
891 821 1062 852 convenire

326 880 522 914 procurent,
550 880 581 905 ut
619 879 664 906 tot
697 874 857 905 bonorum
889 873 1063 915 participes

326 926 402 957 liant
417 927 577 967 (Clemens
590 927 651 958 VIII
667 931 768 958 const.
786 926 914 967 Lxxxv)·.
929 925 1061 958 sormam

327 988 403 1010 vero
423 979 660 1011 benedictionis
678 978 837 1020 generalis
854 978 1063 1021 praescripsit.

326 1030 472 1063 Clemens
494 1032 578 1074 Papa
604 1032 639 1069 X,
667 1037 763 1074 prout
786 1031 817 1063 in
844 1031 938 1063 Brevi
962 1042 992 1063 xx
1018 1031 1062 1063 se-

324 1084 445 1115 brunsii
471 1094 636 1117 uoctxxui
650 1084 670 1117 ¹.

370 1135 430 1167 Die
454 1147 549 1169 xxviii
586 1136 764 1169 novembris
788 1147 946 1170 unctxxix
969 1147 1060 1168 sacra

326 1188 538 1230 Conqreqalso
563 1189 779 1221 summarium
805 1189 861 1221 hoc
885 1200 904 1221 α
928 1199 959 1221 se
978 1199 1061 1221 reco-

322 1241 454 1281 ynilum
479 1242 681 1283 approbaril.

624 1295 659 1326 A.
688 1295 774 1327 card.
802 1294 1013 1327 Honomm's.

569 1347 680 1389 sigilli.

558 1399 847 1432 illicti.xi=it.ux·usstt·s
871 1399 1015 1437 Puccirs,

542 1452 809 1494 Congregationis
829 1453 1033 1484 secretarius.

156 1512 231 1531 rtem
253 1513 312 1532 urni-
366 1506 380 1547 ,ξ
405 1504 436 1537 9..
463 1505 538 1537 Cum
565 1511 681 1543 autem,
708 1505 788 1536 sicut
805 1505 916 1536 eadem
932 1505 1060 1547 exposi-

129 1542 312 1587 'strat-13:5³3&
324 1557 367 1588 tio
393 1558 616 1599 subiungebat,
643 1557 781 1589 firmiora
799 1557 862 1588 sint
880 1563 911 1589 et
928 1568 1059 1589 serven-

129 1592 220 1611 O‘d'm'
325 1615 376 1641 tur
399 1610 540 1642 exactius
566 1609 619 1642 illa
645 1621 725 1652 quae
745 1610 947 1651 Apostolicae
969 1609 1058 1642 Sedis

322 1662 482 1703 praefatae
508 1661 684 1693 munimine
702 1663 978 1694 corroborantur:
1002 1673 1058 1694 no-

320 1714 369 1746 bis
394 1720 568 1757 propterea
592 1714 693 1746 dictus
723 1714 880 1756 Iosephus
904 1725 1057 1756 procura-

321 1773 371 1799 tor
395 1767 566 1809 generalis,
588 1767 696 1800 dilecti
723 1767 817 1799 etiam
836 1767 891 1799 lilii
909 1768 1056 1800 moderni

320 1820 459 1852 ministri
491 1821 653 1862 generalis
679 1820 807 1853 Ordinis
840 1820 973 1862 praefati
1000 1831 1058 1853 no-

318 1873 426 1911 mine,
454 1873 620 1906 humiliter
651 1873 828 1915 supplicari
862 1873 937 1905 fecit
960 1879 995 1905 ut
1023 1873 1055 1905 in

319 1927 507 1967 praemissis
547 1932 730 1969 opportune
762 1926 935 1969 providere
965 1932 998 1959 et
1021 1933 1058 1959 ut

318 1978 401 2010 infra
418 1979 591 2021 indulgere
606 1979 644 2011 de
665 1979 862 2021 benignitate
878 1979 1056 2022 apostolica

321 2031 536 2072 dignaremur.

364 2083 378 2125 ἓ
403 2083 434 2115 3.
461 2083 524 2116 Nos
549 2084 655 2126 igitur,
686 2085 771 2128 ipsos
801 2084 982 2117 ministrum
1002 2096 1056 2127 ge-

320 2137 462 2168 neralem
488 2143 519 2168 et
543 2137 716 2180 Ioseplium
743 2143 983 2180 procuratorem
1003 2149 1056 2180 ge-

319 2190 463 2221 neralem
489 2190 683 2232 specialibus
709 2191 870 2223 favoribus
897 2190 1055 2232 etgratiis

318 2242 472 2284 prosequi
498 2244 659 2281 volentes,
686 2248 716 2275 et
741 2253 851 2275 eorum
877 2243 1056 2285 singulares

317 2303 472 2335 personas
489 2306 505 2326 a
524 2295 683 2337 quibusvis
701 2295 1054 2335 excommunicationis,

316 2347 538 2388 suspensionis
564 2353 595 2380 et
626 2348 809 2387 interdicti,
835 2349 971 2392 aliisque
1003 2359 1055 2381 ec-

317 2399 504 2431 clesiastis-is
518 2400 696 2439 sententiis,
715 2401 859 2434 censuris
878 2407 909 2434 et
929 2402 1053 2444 poenis,

317 2461 334 2483 a
358 2451 427 2483 iure
446 2453 494 2484 vel
516 2453 554 2484 ab
581 2453 721 2493 homine,
747 2455 858 2497 quavis
883 2454 1052 2487 occasione

413 1346 497 1379 Loco
523 1350 544 1387 †

175 2087 308 2107 tzanni-matio

126 2113 232 2143 Pontinos
248 2114 307 2134 relati

125 2146 240 2160 Sttilltlldrll.

352 2565 364 2593 1
386 2564 450 2593 Male
466 2565 529 2594 edit.
548 2565 624 2593 Μαίη,
642 2566 705 2603 legit
721 2568 788 2596 1773
808 2570 843 2600 (u.
861 2569 909 2605 Τ.).

909 189 1088 219 nutrimen
1113 191 1265 219 neuma

1860 191 1910 221 an.
1927 188 1955 222 C.
1971 192 2039 222 1680

1112 243 1161 274 vel
1180 245 1275 274 causa
1299 242 1380 281 latis,
1414 241 1437 274 si
1461 240 1577 285 quibus
1603 241 1848 285 quomodolibet

1111 294 1286 327 innodatae
1312 297 1470 334 existunt,
1496 296 1534 327 ad
1571 295 1716 328 eflectum
1753 306 1847 338 prae-

1110 349 1249 380 sentium
1265 349 1427 380 dumtaxat.
1441 349 1717 390 consequendum,
1731 349 1845 381 barum

1110 401 1196 433 serie
1222 401 1423 433 absolventes
1444 406 1473 433 et
1495 401 1654 432 absolutas
1680 401 1747 433 sore
1773 411 1846 433 cen-

1110 459 1238 491 sentes,
1272 453 1455 485 huiusmodi
1481 453 1772 495 supplicationibus
1796 453 1845 485 in-

332 510 383 550 qui
410 519 480 541 vere
511 508 714 550 poenitentes
740 513 770 539 et
794 507 930 538 confessi
956 517 991 538 ac
1018 517 1068 538 sa-
1087 512 1089 535 Σ
1110 506 1228 543 clinati,
1248 506 1480 548 praeinserttun
1505 506 1712 537 summarium
1738 505 1845 538 indul-

331 564 385 592 cra
410 561 632 593 commuuione
654 560 764 591 resecti
781 559 940 600 genuflexi
959 559 1068 590 huius-
1087 577 1088 594 t

330 612 415 643 modi
443 612 599 644 functioni
622 612 651 643 iu
671 611 816 643 ecclesiis
830 611 956 643 Ordinis
972 621 1066 652 pera—
1086 633 1088 648 4

1109 559 1290 599 gentiaruni
1308 570 1325 591 a
1342 560 1517 590 memorata
1536 558 1743 590 cardinalium
1762 557 1844 590 Con-

1109 612 1297 652 gregatione
1325 612 1527 653 recognitum
1554 616 1583 643 et
1608 611 1840 653 approbatum,

1108 669 1142 694 ut
1174 664 1379 706 praefertur,
1417 664 1609 696 auctoritate
1646 663 1841 706 apostolica,

1109 719 1222 747 tenore
1241 716 1467 758 praesentium,
1486 716 1703 758 approbamus
1722 715 1844 756 pariter

1107 773 1136 799 et
1154 769 1392 806 confirmamus,
1412 769 1524 810 illique
1544 768 1742 800 inviolabilis
1768 778 1844 810 apo-

1106 821 1237 853 stolicae
1257 821 1416 853 firmitatis
1436 821 1535 853 robur
1555 821 1734 853 adiieimus.

1149 873 1163 915 ξ
1187 874 1219 904 4.
1246 873 1465 905 Decernentes
1493 873 1621 906 easdem
1654 879 1843 915 praesentes

1106 924 1227 958 litteras
1254 936 1383 968 semper
1401 925 1521 965 sirmas,
1540 925 1661 958 validas
1687 930 1717 957 et
1741 925 1842 957 effica-

1105 987 1157 1009 ces
1182 978 1321 1010 existere
1346 983 1377 1009 et
1401 978 1481 1016 sore,
1509 988 1650 1020 suosque
1674 977 1840 1020 plenarios

1105 1034 1137 1060 et
1161 1030 1304 1071 integros
1330 1030 1461 1062 eftectus
1483 1030 1593 1062 sortiri
1622 1035 1655 1062 et
1681 1029 1839 1069 obtinere,

1104 1092 1140 1113 ac
1167 1082 1244 1121 illis,
1271 1083 1309 1114 ad
1336 1093 1415 1125 quos
1432 1088 1553 1125 spectat
1575 1088 1606 1114 et
1621 1092 1680 1124 pro
1695 1088 1840 1124 tempore

1104 1135 1275 1176 spectabit,
1303 1135 1491 1177 plenissime
1513 1134 1701 1177 suffragari,
1729 1135 1840 1178 sicque

1104 1187 1135 1218 in
1168 1188 1353 1229 praemissis
1389 1198 1448 1230 per
1471 1199 1689 1230 quoscumque
1715 1188 1838 1221 iudices

1104 1239 1286 1272 ordinarios
1320 1245 1352 1272 et
1384 1241 1570 1282 delegatos,
1601 1241 1697 1273 etiam
1729 1251 1840 1273 causa-

1104 1302 1173 1323 rum
1196 1293 1305 1334 palatii
1324 1293 1495 1335 apostolici
1516 1294 1688 1332 auditores,
1706 1293 1837 1325 iudicari

1103 1349 1135 1376 et
1159 1344 1285 1376 definiri
1306 1345 1446 1383 debere,
1471 1355 1507 1377 ae
1532 1346 1659 1377 irritum
1688 1351 1720 1378 et
1743 1346 1838 1378 inane

1103 1397 1127 1428 si
1145 1407 1235 1429 secus
1252 1408 1351 1440 super
1369 1398 1418 1430 liis
1436 1409 1452 1430 a
1469 1408 1643 1440 quoquam,
1658 1398 1769 1440 quavis
1786 1409 1840 1430 au-

1103 1450 1261 1489 ctoritate,
1288 1450 1428 1482 scienter
1451 1452 1499 1482 vel
1521 1450 1716 1492 ignoranter,
1743 1451 1840 1483 conti-

1103 1503 1183 1544 gerit
1203 1504 1365 1535 attentari.
1392 1503 1461 1535 Non
1488 1504 1692 1535 obstantibus
1723 1509 1839 1535 consti-

1103 1556 1280 1588 tutionibus
1304 1562 1335 1589 et
1360 1557 1622 1589 ordinationibus
1639 1557 1837 1598 apostolicis,

1102 1608 1285 1651 ceterisque
1311 1609 1481 1641 contrariis
1508 1609 1775 1652 quibuscumque.

1146 1662 1160 1703 ς
1186 1661 1216 1693 5.
1244 1662 1397 1694 Volumus
1429 1668 1535 1694 autem
1559 1668 1593 1694 ut
1617 1663 1835 1704 praesentium

1102 1714 1282 1746 litterarum
1323 1715 1550 1757 transumptis,
1577 1725 1633 1747 seu
1670 1715 1836 1758 exemplis,

1102 1768 1197 1800 etiam
1222 1768 1409 1810 impressis,
1436 1778 1534 1800 manu
1560 1768 1693 1800 alicuius
1717 1769 1836 1801 notarii

1102 1820 1222 1861 publici
1248 1820 1460 1862 subscriptis,
1487 1826 1519 1852 et
1543 1821 1649 1863 sigillo
1675 1831 1836 1863 personae

1101 1872 1132 1903 in
1151 1872 1368 1905 ecclesiastica
1387 1873 1542 1914 dignitate
1563 1873 1755 1907 constitutae
1772 1885 1838 1906 mu-

1101 1925 1199 1965 nitis,
1227 1925 1340 1957 eadem
1373 1936 1508 1968 prorsus
1533 1925 1613 1958 sides
1639 1931 1704 1957 tam
1728 1925 1761 1958 in
1789 1926 1837 1958 iu-

1101 1977 1185 2009 dicio
1212 1989 1308 2020 quam
1333 1984 1422 2010 extra
1442 1978 1522 2011 illud
1547 1978 1666 2020 ubique
1690 1980 1836 2012 locorum

1100 2030 1266 2070 habeatur,
1284 2041 1366 2073 quae
1393 2031 1569 2063 haberetur
1586 2031 1664 2074 ipsis
1684 2042 1837 2074 praesen-

1101 2083 1183 2115 tibus
1215 2084 1240 2115 si
1274 2084 1379 2116 forent
1408 2084 1571 2116 exhibitae
1596 2085 1645 2116 vel
1671 2090 1832 2116 ostensae.

1143 2137 1254 2169 Datum
1272 2138 1770 2180 tt0ma0,ap11dS.Petr11m,sub
1784 2149 1835 2171 an-

1100 2191 1177 2222 nulo
1199 2191 1378 2230 piscatoris,
1399 2192 1449 2223 die
1465 2202 1483 2223 x
1502 2192 1656 2224 februarii
1678 2201 1832 2232 unetxxx,

1098 2243 1303 2285 pontificatus
1328 2244 1430 2275 nostri
1458 2255 1543 2276 anno
1569 2254 1611 2277 tv.

1134 2304 1190 2331 Dat.
1210 2304 1255 2332 die
1277 2306 1308 2332 to
1323 2305 1450 2332 februarii
1473 2306 1549 2339 1680,
1571 2306 1669 2341 pontis.
1689 2313 1759 2332 anno
1778 2311 1814 2332 lv.

1878 888 1996 912 clausulae.

1887 1675 1949 1695 Fuit-z
1973 1678 2029 1697 tran-

1847 1706 1982 1728 sumpturum.

1398 2430 1529 2463 LXXXI.

1097 2508 1292 2541 Ectmzdiaeur
1323 2510 1438 2552 festum
1473 2511 1508 2543 B.
1538 2509 1663 2541 Mariae
1687 2509 1725 2541 de
1749 2511 1831 2543 Mer-

1140 2562 1211 2594 cede
1234 2572 1305 2594 cum
1324 2562 1428 2605 officio
1444 2567 1471 2595 el
1489 2563 1585 2595 vm‘ssd
1604 2563 1830 2606 reliyiosurum
