2111 3157
32 235 86 266 Aa.
106 234 134 263 C.
153 234 221 263 ¹680

218 282 362 314 abbatiam
374 287 440 313 ante
459 283 641 322 praefinitum
658 286 772 322 tempus
787 282 947 319 habilitari,

218 331 349 362 districte
364 332 483 362 omnino
500 332 696 371 prohibemus.
714 332 742 362 Si
759 332 825 370 quis
839 334 947 365 autem,

218 379 353 409 doctrina
371 384 399 410 et
417 389 531 410 morum
553 379 693 419 probitate
715 379 875 418 praedam,
899 387 950 406 an-

218 435 289 457 num
303 427 563 457 decimumsextum
582 427 733 464 religionis
750 426 947 464 compleverit,

219 478 247 504 et
263 474 419 504 decanatus
441 475 520 504 locus
542 474 570 503 in
598 473 775 503 monasterio
795 481 862 501 suae
885 481 950 510 pro-

218 523 354 553 fessionis
376 532 432 552 non
451 522 606 559 vacaverit,
623 522 668 551 vel
691 525 808 560 propter
822 520 949 558 aliquam

218 570 417 601 infirmitatem
434 571 530 600 minus
545 570 581 599 ad
595 570 723 607 regimen
740 569 861 598 idoneus
876 568 950 598 iudi-

218 623 300 649 catus
321 619 428 656 suerit,
452 618 542 657 possit
572 618 602 647 in
633 617 758 656 capitulo
784 616 913 654 generali
934 625 948 644 a

218 666 429 703 definitoribus,
452 666 496 695 vel
519 666 548 695 in
572 665 647 694 dieta
669 674 683 694 a
707 665 837 704 praeside
860 668 888 693 et
909 664 950 693 vi-

217 714 387 744 sitatoribus
409 713 475 751 eligi
498 713 527 743 in
549 713 689 743 decanum
712 713 869 742 titularem.

258 771 297 792 xr.
321 762 363 791 Ad
385 761 556 791 animandos
580 770 647 790 vero
663 761 819 790 monachos
841 761 874 789 ad
890 764 950 789 stu-

218 811 300 841 dium
323 810 487 840 litterarum
502 832 509 845 ‚
533 809 665 838 volumus
686 818 755 847 eos,
779 809 828 848 qui
850 818 949 838 sacrae

217 858 381 896 theologiae
407 867 524 887 cursum
543 857 701 887 honorifice
722 857 900 896 expleverint
922 861 949 886 et

217 906 334 936 lectoris
360 915 479 936 munere
510 906 539 935 in
572 905 754 935 monasteriis
780 914 832 944 pro
853 905 949 934 studio

216 955 292 985 infra
314 955 499 992 designandis
518 955 619 984 saltem
637 963 687 993 per
703 954 861 984 triennium
883 963 949 983 con-

216 1004 332 1034 tinuum
354 1003 537 1033 laudabiliter
559 1003 660 1039 functi,
684 1006 712 1032 et
733 1011 784 1041 per
804 1003 949 1031 examina-

217 1056 293 1082 tores
309 1061 324 1081 a
346 1052 473 1091 capitulo
488 1052 638 1090 deputatos
659 1051 777 1081 admissi
798 1055 825 1080 et
847 1061 949 1090 appro-

216 1099 275 1130 bati
297 1100 405 1130 fuerint
427 1100 524 1137 (modo
547 1099 688 1138 probitate
711 1108 822 1128 morum
845 1099 948 1128 etaliis

216 1149 354 1187 praefatis
370 1148 518 1187 requisitis
534 1147 694 1186 praestent)
711 1151 773 1186 post
789 1147 948 1176 decimum-

217 1199 330 1225 sextum
343 1204 451 1225 annum
468 1195 749 1234 supranumerarios,
762 1195 877 1233 quando
891 1204 947 1224 non

217 1248 260 1273 est
282 1243 361 1273 locus
377 1243 406 1272 in
424 1243 598 1272 monasterio
614 1252 682 1272 suae
702 1243 897 1282 professionis,
914 1242 948 1271 ad

217 1291 387 1321 decanatum
402 1291 566 1330 promoveri
580 1300 674 1330 posse.
691 1291 769 1320 Idem
781 1291 903 1320 dicimus
915 1291 948 1320 de

217 1338 492 1376 concionatoribus,
516 1339 669 1368 dummodo
701 1349 818 1368 cursum
842 1306 973 1418 theom*

202 1387 281 1425 ,giae
303 1387 380 1416 serio
402 1391 430 1416 et>
451 1396 515 1416 cum
539 1387 667 1426 profectu
691 1387 898 1426 percurrerint,
922 1392 946 1417 et

216 1435 335 1465 admissi
362 1435 397 1464 ab
424 1435 669 1465 examinatoribus
692 1439 807 1464 nostrae
825 1436 949 1473 Congre-
969 1433 973 1503 ἲ

216 1483 340 1521 gationis
357 1492 407 1522 per
421 1483 580 1513 triennium
604 1484 632 1512 in
656 1484 818 1523 praecipuis
833 1484 947 1514 urbium

215 1531 346 1560 ecclesiis
362 1531 612 1569 quadragesimale
627 1532 798 1561 concionum
812 1532 948 1561 ειιιιΙιιιιιι1
969 1507 971 1542 Ι

215 1580 404 1609 confecerint.
428 1580 592 1609 Statuentes
620 1580 784 1609 facultatem
807 1581 924 1609 creandi
939 1605 945 1617 ,
969 1580 971 1595 ¹

216 1636 267 1657 seu
289 1628 416 1665 eligendi
438 1628 582 1666 decanos,
607 1637 679 1667 quae
707 1634 790 1657 antea
814 1629 848 1657 ad
872 1629 949 1667 eapi-
970 1614 971 1637 ι

214 1675 310 1704 (ulum
338 1675 474 1713 generale
497 1675 581 1704 unice
613 1676 780 1713 spectabat,
805 1676 890 1704 etiam
914 1676 946 1705 ad
969 1667 970 1681 ³

215 1723 346 1760 regimen
376 1732 427 1752 seu
449 1723 555 1752 dietam
579 1724 765 1761 imposterum
790 1724 945 1761 pertinere.
968 1732 970 1744 ¹

255 1779 304 1800 xn.
328 1771 516 1800 Decernimus
537 1771 674 1809 denique,
699 1771 843 1800 nemiuem
866 1772 948 1799 ‹teca-

215 1828 284 1848 num
315 1819 383 1857 eligi
415 1828 498 1857 posse
531 1819 558 1848 in
593 1819 717 1857 priorem
741 1820 945 1855 claustralem,

214 1866 272 1896 nisi
304 1867 354 1906 qui
379 1867 467 1896 simul
500 1876 550 1905 per
575 1867 723 1896 biennium
747 1867 947 1896 observantiae

214 1915 342 1953 regulari
374 1916 518 1944 vacaverit
552 1915 699 1953 (exceptis
732 1916 887 1944 lectoribus
919 1920 969 1944 et·

215 1963 475 2002 praedicatoribus,
492 1968 522 1993 ut
538 1973 624 2003 supra
641 1964 777 1993 statuitur
793 1974 872 1993 num.
891 1966 944 2001 ni),

215 2016 243 2042 et
264 2013 367 2042 saltem
400 2021 451 2051 per
480 2012 713 2051 quinquennium
748 2013 893 2051 expletum
917 2013 944 2042 in

213 2060 357 2090 decanatu
379 2060 563 2090 laudabiliter
586 2060 700 2089 vixerit.
724 2060 946 2099 Praeponendus

213 2111 309 2138 tamen
343 2108 461 2137 omnino
482 2117 634 2137 censemus
660 2117 708 2137 eos
731 2108 834 2137 ceteris
856 2109 946 2137 omui-

214 2155 280 2193 bus,
304 2156 352 2194 qui
376 2157 471 2185 officio
494 2156 623 2193 magistri
647 2156 819 2185 novitiorum
845 2157 944 2185 saltem

214 2213 265 2243 per
291 2205 448 2233 triennium
481 2213 546 2233 eum
579 2204 663 2232 laude
696 2205 784 2233 functi
816 2199 970 2241 fuerint,'

214 2252 368 2281 dummodo
397 2252 424 2281 in
454 2253 594 2281 decanatu
617 2252 690 2280 idem
714 2252 945 2290 quinquennium
966 2219 969 2280 i

213 2300 439 2338 compleverint,
463 2300 574 2338 priores
596 2309 664 2328 vero
686 2299 715 2328 in
738 2300 856 2329 abbates
878 2301 945 2337 eligi
966 2322 967 2331 1

213 2357 270 2377 non
296 2349 416 2386 possint,
441 2348 497 2376 nisi
523 2357 572 2385 per
594 2347 826 2385 quinquennium
849 2348 946 2386 exple-

213 2400 273 2425 tnrn
291 2396 318 2425 in
343 2396 471 2437 prioratu
494 2395 677 2425 laudabiliter
692 2405 721 2424 se
743 2397 901 2434 gesserint,
918 2401 946 2425 et

214 2453 265 2482 per
295 2443 446 2474 biennium
484 2444 699 2482 permanserint
728 2444 757 2472 in
790 2446 840 2473 sua
874 2445 946 2474 resi-

213 2492 320 2522 dentia.

249 2555 258 2579 1
279 2553 343 2580 Male
359 2553 412 2580 edit
440 2554 520 2581 Maiu.
538 2553 599 2589 legit
614 2554 741 2580 studium
757 2562 803 2589 pro
817 2555 945 2583 stadium

210 2597 253 2630 (n.
270 2604 318 2627 τ.).

803 235 1012 260 lNNOCENTlUS
1033 236 1063 259 XI
1088 236 1136 259 1³1³.

1620 224 1684 258 ⁶295

1030 291 1090 312 xm.
1114 282 1170 312 Pro
1192 281 1332 312 charitate
1354 285 1449 311 autem
1472 284 1499 311 et
1516 290 1586 321 pace
1607 290 1722 311 servan-

991 331 1037 367 da,
1061 335 1088 360 et
1110 334 1141 360 ut
1162 330 1284 360 liberius
1299 330 1463 369 superiores
1476 339 1490 359 a
1509 329 1643 367 praelatis
1656 339 1724 359 con-

992 378 1084 407 vocati
1106 383 1171 408 vota
1198 388 1248 408 sua
1275 378 1438 416 exprimere
1461 377 1585 416 possint,
1609 377 1725 407 ordina-

992 436 1065 463 mus,
1082 427 1169 465 quod,
1186 427 1210 455 si
1226 427 1290 465 quis
1306 435 1404 456 eorum
1427 425 1598 455 revelaverit
1613 426 1723 464 aliquid

992 484 1025 503 ex
1049 474 1180 504 tractatis
1203 474 1279 503 inter
1301 483 1361 511 eos,
1378 474 1450 503 itaut
1472 474 1639 503 scandalum
1652 474 1723 504 oriri

993 523 1105 561 possit,
1128 523 1191 561 ipso
1213 523 1288 552 facto
1318 531 1333 551 a
1356 526 1517 552 ceterorum
1540 522 1723 561 superiorum

991 570 1137 600 consortio
1164 570 1193 600 in
1220 570 1340 608 agendis
1362 579 1438 600 anno
1456 570 1570 608 integro
1592 571 1723 610 privatus

991 618 1106 648 existat.

1030 675 1086 695 xiv.
1108 667 1191 696 Prior
1212 670 1307 696 autem
1329 670 1358 696 et
1378 666 1479 696 decani
1507 667 1541 696 ad
1564 667 1641 697 aliud
1665 677 1724 697 mo-

991 715 1150 744 nasterium
1182 715 1305 751 mutati,
1330 717 1482 753 postquam
1513 714 1568 744 sibi
1600 715 1636 745 de
1671 718 1722 745 sua

991 763 1151 793 mutatione
1173 763 1342 799 innotuerit,
1362 762 1474 801 possint
1488 763 1589 792 audire
1612 765 1723 794 confes-

990 812 1086 841 siones
1107 811 1316 850 discipulorum
1338 819 1455 839 suorum
1474 820 1506 840 ac
1528 811 1722 848 sacerdotum,

990 864 1021 889 ut
1043 859 1135 898 prius,
1151 859 1220 888 dum
1236 858 1306 888 illuc
1322 867 1432 888 moram
1448 858 1578 894 trahunt,
1595 859 1723 897 ipsisque

990 907 1164 937 beneficium
1187 905 1378 936 absolutionis
1400 905 1579 944 impendere,
1603 905 1659 935 nisi
1675 915 1723 936 su-

991 956 1088 994 perior
1110 954 1301 994 prohibuerit.

990 1008 1085 1037 CAPcT
1108 1007 1191 1037 XXII.
1216 1023 1255 1029 ·—
1274 1005 1408 1042 Quomodo
1428 1005 1564 1035 dormiant
1588 1007 1722 1035 monachi.

1035 1058 1081 1099 (a)
1107 1056 1228 1098 Singuli
1261 1066 1321 1098 per
1353 1056 1498 1096 singulos
1523 1055 1624 1087 lectos
1652 1056 1724 1088 dor-

992 1109 1102 1142 mient.
1129 1108 1337 1141 Leetisternia
1354 1118 1412 1150 pro
1438 1108 1532 1140 modo
1558 1118 1725 1141 eonversa-

1728 234 1781 261 An.
1802 233 1831 262 C.
1851 234 1915 261 lOEO

1746 1065 1824 1086 Eodem
1835 1067 1853 1086 in
1863 1068 1918 1091 loen,

1735 1093 1859 1117 siugulatim,
1871 1102 1916 1114 eum

1734 1119 1867 1143 senioribus,
1883 1128 1918 1140 ar-

1700 1161 1705 1165 .
1735 1145 1796 1164 sente
1812 1147 1899 1165 wanuh-tn
1912 1162 1918 1169 ,

992 1161 1097 1199 tionis,
1111 1161 1292 1193 seeundum
1311 1160 1585 1202 dispensationem
1600 1160 1724 1192 abbatis

991 1214 1046 1253 sui,
1066 1212 1183 1255 singuli
1201 1212 1370 1255 accipiant.
1390 1211 1420 1244 Si
1439 1215 1542 1254 potest
1558 1211 1639 1252 fieri,
1659 1223 1725 1245 om-

969 1273 1047 1297 ³nes
1083 1265 1113 1296 in
1149 1275 1212 1297 uno
1242 1265 1316 1297 loco
1348 1264 1528 1296 dormiant:
1559 1264 1583 1296 si
1617 1270 1724 1297 autent

992 1316 1166 1348 multitudo
1200 1326 1263 1347 non
1294 1315 1393 1354 sinit⁷
1420 1316 1494 1347 deni
1531 1321 1583 1348 aut
1618 1315 1723 1349 viceni

991 1380 1064 1401 eum
1088 1369 1270 1401 senioribus
1296 1368 1373 1406 suis,
1398 1368 1452 1410 qui
1479 1378 1577 1410 super
1602 1379 1656 1401 eos
1677 1379 1723 1401 so-

992 1422 1068 1455 liciti
1094 1422 1170 1460 sint,
1197 1425 1347 1463 pausent.
1375 1419 1418 1462 (b)
1440 1419 1581 1452 Candela
1606 1420 1724 1462 iugiter

992 1477 1033 1517 (c)
1058 1475 1091 1507 in
1112 1475 1222 1506 eadem
1248 1475 1330 1505 cella
1355 1474 1466 1505 amleat
1490 1482 1590 1515 usque
1615 1483 1719 1505 mane.

989 1527 1039 1570 (d)
1064 1526 1175 1559 Vestiti
1197 1526 1357 1558 dormiant
1388 1530 1419 1558 et
1450 1525 1546 1557 cincti
1571 1525 1720 1567 cingulis,

991 1586 1043 1612 aut
1069 1580 1219 1619 funibus,
1247 1584 1278 1611 et>
1303 1579 1450 1610 cultellos
1483 1578 1521 1610 ad
1553 1578 1633 1610 latus
1657 1588 1723 1610 non

992 1633 1153 1671 habeant,
1181 1631 1256 1663 dum
1282 1631 1466 1669 dormiunt,
1494 1640 1533 1662 ne
1560 1630 1639 1662 sorte
1665 1639 1724 1672 per

990 1684 1148 1716 somnium
1166 1684 1380 1715 vulnerentur
1408 1682 1621 1715 dormientes:
1642 1688 1670 1714 et
1689 1687 1724 1714 nt

990 1736 1091 1779 parati
1110 1736 1174 1768 sint
1194 1735 1344 1768 monachi
1363 1744 1498 1777 semper,
1517 1739 1557 1773 et,
1576 1735 1659 1766 facto
1681 1733 1723 1764 si-

968 1800 1073 1830 gno,
1101 1789 1220 1830 absque
1253 1790 1342 1819 mora
1378 1792 1546 1828 surgentes
1571 1786 1724 1818 festinent

990 1843 1123 1874 invicem
1145 1852 1177 1873 se
1204 1840 1393 1883 praevenire
1412 1840 1450 1871 ad
1470 1850 1551 1881 opus
1569 1839 1634 1877 Dei,
1652 1848 1723 1870 cum

968 1903 969 1908 ¹
989 1894 1075 1926 omni
1102 1899 1207 1925 tamen
1233 1892 1387 1934 gravitate
1406 1897 1437 1924 et
1453 1891 1622 1924 modestia.
1642 1891 1722 1923 Ado-

989 1947 1196 1979 lescentiores
1215 1946 1326 1977 fratres
1346 1945 1430 1976 iuxta
1446 1955 1479 1977 se
1497 1955 1561 1977 non
1578 1944 1723 1976 habeant

967 2000 1107 2037 lectos,
1145 1998 1200 2030 sed
1236 1997 1384 2039 permixti
1417 2007 1487 2029 cum
1523 1996 1719 2029 senioribus.

988 2052 1162 2093 Sui-gentes
1186 2060 1262 2082 vero
1289 2050 1327 2081 ad
1354 2060 1435 2092 opus
1456 2049 1510 2081 Dei
1531 2049 1666 2081 invicem
1688 2059 1721 2081 se

988 2105 1152 2136 moderate
1177 2103 1406 2142 cohortentur,
1432 2107 1568 2145 propter
1593 2111 1722 2134 somno-

967 2187 968 2190 ,
988 2158 1150 2190 lentorum
1176 2154 1411 2188 excusationes,

1257 2215 1450 2236 DlittLAItATJO.

1028 2257 1071 2295 (a)
1094 2266 1113 2286 1.
1137 2256 1248 2293 Singuli
1272 2265 1323 2294 per
1351 2255 1470 2292 singulos
1499 2255 1587 2284 Icelos.
1612 2254 1720 2285 Secun-

988 2305 1056 2335 dum
1073 2305 1243 2334 modernum
1257 2312 1377 2340 morem,
1393 2307 1509 2342 propter
1528 2303 1719 2342 honestatem,

988 2358 1015 2383 et
1037 2357 1067 2383 ut
1089 2353 1209 2382 libeiins
1230 2352 1331 2381 fratres
1355 2352 1384 2381 in
1407 2352 1586 2381 orationibus
1608 2358 1635 2382 et
1657 2353 1721 2382 aliis

988 2401 1188 2441 spiritualibus
1208 2400 1322 2429 valeant
1344 2409 1374 2429 se
1397 2409 1550 2437 exercere,
1573 2410 1605 2430 ac
1628 2405 1658 2430 ut
1681 2401 1722 2430 vi-

989 2455 1063 2479 tetur
1081 2449 1249 2485 curiositas,
1273 2448 1473 2478 dormitorium
1491 2449 1616 2478 divisum
1633 2454 1675 2479 est
1692 2450 1720 2478 in

987 2498 1115 2527 diversas
1137 2497 1235 2533 cellas,
1252 2501 1279 2525 et
1301 2497 1480 2534 assignamus
1496 2497 1651 2535 unicuique
1665 2498 1720 2526 fra-

988 2551 1063 2575 trum
1086 2545 1188 2574 cellam
1211 2554 1317 2581 unam,
1343 2545 1383 2574 sic
1414 2549 1444 2574 ut
1472 2546 1578 2584 singuli
1605 2546 1635 2576 in
1662 2545 1722 2574 sin-

987 2595 1063 2632 gulis
1085 2594 1250 2631 dormiant,
1274 2593 1360 2623 etiam
1382 2593 1495 2623 novitii.

1735 1173 1755 1191 et
1777 1172 1845 1191 vestiti
1869 1173 1918 1192 dor.

1734 1197 1786 1218 mire
1802 1198 1900 1219 debeant.
