2111 3157
1 191 28 210 u.
42 182 69 209 C.
91 181 157 208 ¹682

10 1229 138 1251 Coum-matio

0 1256 72 1277 iuncis.

158 229 222 262 ctio
251 229 331 262 sacta
360 230 419 262 suit
449 231 581 263 servatis
614 230 779 263 servandis
805 230 890 262 iuxta

157 282 321 315 decretum
344 294 440 327 super
464 284 624 316 electione
648 283 837 316 Sanctorum
856 282 888 314 in

156 340 308 378 patronos
330 337 368 369 ab
387 337 499 369 eadem
520 338 610 369 sacra
628 335 888 378 Congregatione

155 387 245 420 iussu
279 388 380 421 felicis
415 389 650 422 recordationis
681 388 800 420 Urbani
825 387 889 420 VIII

156 440 213 472 sub
239 440 290 473 die
314 451 390 474 xxm
414 441 520 473 martii
540 451 665 474 nncxxx
691 445 886 479 emanatum‚

153 492 354 535 praedictam
368 493 559 526 electionem
573 492 764 536 approbavit
777 497 807 524 et
817 502 889 524 con-

154 544 304 577 firmavit:
337 550 369 577 et
399 544 438 578 de
471 545 613 587 praefato
638 544 669 576 S.
696 544 828 586 Ignatio,
853 549 888 576 ut

153 597 348 639 praefertur,
363 597 396 629 in
421 597 548 629 unicum
573 602 744 640 patronum
769 596 887 640 princi-

152 649 258 691 palem
283 649 327 681 sic
352 650 478 688 electo,
502 649 742 692 praerogativas
773 659 885 681 omnes

153 701 276 735 eisdem
306 702 411 734 unicis
448 703 564 734 sanctis
600 702 743 745 patronis
766 702 886 745 princi-

151 755 276 797 palibus
301 759 520 797 competentes
545 755 700 794 decrevit,
727 755 815 786 iuxta
838 760 884 786 ta-

150 816 225 839 men
256 807 402 839 rubricas
436 807 584 839 breviarii
616 812 647 839 et
671 807 809 839 missalis
833 817 884 839 ro-

150 859 246 899 mani,
272 864 305 892 et
323 860 362 892 ad
380 860 514 892 sormam
539 859 779 892 constitutionis
797 860 883 892 eius-

150 911 223 944 dem
258 911 377 944 Urbani
413 912 476 945 VIII
516 923 614 955 super
657 911 882 945 observatione

149 965 306 997 festorum
339 965 390 998 die
426 975 484 998 x111
519 965 715 1008 septembris
747 975 878 998 ainerti.

147 1017 274 1050 Editum
299 1018 361 1050 hac
386 1017 437 1050 die
460 1027 524 1051 xxn
549 1018 672 1059 augusti
696 1027 878 1051 itiDCLxxxit.

148 1069 269 1103 CAESAR
292 1070 379 1102 card.
410 1069 664 1110 Ficussxmm
692 1070 882 1103 Emis-mnus

148 1120 298 1155 CASALms
327 1121 358 1154 S.
386 1121 515 1154 Rituum
540 1122 808 1165 Congregationis
834 1133 881 1155 se-

149 1174 303 1206 cretarius
329 1185 360 1206 ιν.

193 1227 207 1269 g
233 1226 263 1259 2.
283 1227 360 1260 Cum
377 1232 490 1266 autem,
509 1227 591 1259 sicut
606 1238 666 1270 pro
687 1233 777 1270 parte
796 1238 880 1260 com-

147 1279 339 1312 munitatum
354 1289 389 1311 ac
405 1279 648 1311 universitatum
662 1285 693 1312 et
710 1280 878 1312 hominum

147 1333 365 1375 praefatorum
401 1331 496 1364 nobis
528 1332 665 1364 subinde
699 1333 879 1375 expositum

147 1385 226 1424 fuit,
251 1384 312 1427 ipsi
341 1385 506 1417 decretum
530 1384 726 1425 huiusmodi,
745 1396 807 1428 quo
828 1385 878 1417 fir-

146 1437 230 1470 mius
253 1437 417 1476 subsistat,
444 1437 641 1479 apostolicae
666 1437 878 1471 confirmatio-

145 1490 195 1523 nis
218 1495 348 1523 nostrae
383 1490 567 1532 patrocinio
592 1491 781 1523 communiri
807 1493 879 1534 plu-

145 1542 263 1574 rimum
287 1542 490 1575 desiderent:
515 1552 584 1582 nos,
602 1543 775 1584 specialem
801 1544 878 1586 ipsis

744 182 954 206 INNOCENTIUS
977 183 1005 205 XI
1032 183 1080 205 Pr.

932 229 1054 261 litteras
1078 239 1205 272 semper
1221 230 1338 270 firmas,
1356 230 1478 263 validas
1503 236 1535 263 et
1559 230 1665 263 effica—

931 291 983 313 ces
1008 281 1145 314 existere
1171 287 1202 314 et
1225 282 1305 322 sore,
1332 293 1473 326 suosque
1498 283 1664 326 plenarios

931 338 963 364 et
986 333 1132 375 integros
1158 333 1286 367 effectus
1311 335 1419 369 sortiri
1445 340 1475 369 et
1499 335 1661 375 obtinere,

931 395 966 417 ac
984 385 1057 425 illis,
1075 386 1114 419 ad
1132 397 1212 429 quos
1236 393 1361 430 spectat
1378 394 1410 421 et
1436 399 1496 431 pro
1513 393 1662 432 tempore

930 439 1095 480 spectabit,
1126 440 1315 481 plenissime
1340 440 1525 484 suffragari,
1551 442 1662 484 sicque

929 490 961 522 in
993 491 1179 532 praemissis
1205 503 1264 534 per
1292 503 1511 536 quoscumque
1540 494 1662 526 iudices

930 542 1113 576 ordinarios
1136 549 1168 576 et
1184 544 1359 586 delegatos
1377 546 1472 578 etiam
1490 557 1661 579 causarum

928 595 1039 637 palatii
1064 596 1237 637 apostolici
1262 597 1445 637 auditores,
1472 598 1606 632 iudicari
1631 605 1663 631 et

928 646 1054 679 definiri
1081 648 1222 687 debere,
1248 659 1284 681 ac
1307 649 1433 682 irritum
1458 655 1489 682 et
1512 650 1608 683 inane
1634 652 1661 684 si

927 709 1021 732 secus
1046 709 1146 743 super
1170 701 1219 733 his
1241 711 1258 732 a
1283 712 1454 744 quoquam,
1474 703 1583 744 quavis
1608 714 1662 735 au-

926 752 1086 791 ctoritate,
1115 753 1257 785 scienter
1280 754 1330 786 vel
1356 754 1560 796 ignoranter,
1586 765 1661 788 con-

925 804 1034 846 tigerit
1056 805 1218 838 attentari.

967 857 1080 890 Datum
1104 858 1244 899 Romae,
1272 860 1357 903 apud
1381 860 1412 892 S.
1440 860 1571 893 Mariam
1597 860 1660 893 Ma-

924 910 1045 950 iorem,
1074 912 1136 943 sub
1169 913 1290 945 annulo
1320 912 1510 952 Piscatoris,
1538 913 1590 946 die
1616 924 1659 946 vu

923 964 1116 1006 septembris
1141 974 1312 998 MDCLxxxn
1330 992 1337 1004 ,
1364 965 1571 1008 pontificatus
1604 977 1660 999 no-

924 1017 981 1048 stri
1015 1027 1100 1050 anno
1121 1028 1165 1051 v1.

958 1078 1019 1104 Dat.
1039 1078 1083 1105 die
1098 1079 1114 1105 7
1129 1079 1291 1114 septembris
1312 1080 1390 1113 1682,
1410 1080 1508 1116 pontif.
1527 1088 1600 1108 anno
1621 1087 1657 1109 Vt.

1228 1194 1341 1228 CXVII.

924 1263 983 1296 Con
987 1263 1138 1305 firmatur
1151 1264 1313 1296 decretum
1325 1265 1590 1308 Conqreyalt'om's
1602 1267 1658 1300 Ri-

967 1320 1068 1356 lztum,
1094 1327 1155 1359 quo
1175 1317 1363 1350 declaratur
1377 1318 1471 1350 licere
1487 1320 1657 1352 monachis

966 1368 1250 1402 Car-zlzusz'ensibus
1265 1370 1391 1412 Papiae
1407 1371 1576 1403 instituere
1587 1381 1657 1414 pro-

965 1422 1132 1453 cessionem
1152 1422 1188 1453 in
1203 1421 1378 1464 festivitate
1396 1423 1544 1465 Corporis
1563 1424 1657 1457 Chri-

963 1474 1015 1513 sti,
1043 1474 1165 1516 apertis
1185 1474 1307 1513 ianuis,
1328 1475 1418 1506 intra
1442 1474 1620 1508 claustra&

1093 1544 1290 1572 Innocentius
1311 1545 1390 1578 Papa
1409 1545 1462 1577 ΧΙ,

1059 1589 1095 1615 ad
1115 1588 1249 1615 futuram
1269 1589 1315 1615 rei
1335 1589 1517 1616 memoriam.

1562 174 1627 206 429
1671 184 1724 209 An.
1744 184 1772 210 c.
1791 184 1856 211 1682

145 1594 382 1637 exponentibus
401 1595 533 1637 gratiam
551 1595 654 1628 facere
671 1596 825 1635 volentes,
848 1602 879 1629 et

146 1657 256 1680 eorum
281 1647 461 1690 singulares
488 1658 648 1690 personas
673 1659 690 1680 a
715 1648 878 1691 quibusvis

145 1699 499 1739 excommunicationis,
529 1701 749 1743 suspensionis
775 1707 806 1734 et
830 1702 878 1733 in-

147 1753 283 1792 terdicti,
297 1753 435 1795 aliisque
450 1753 679 1786 ecclesiasticis
697 1755 876 1795 sententiis,

145 1805 287 1837 censuris
312 1811 343 1838 et
358 1806 483 1848 poenis,
502 1817 519 1838 a
539 1806 609 1838 iure
633 1808 683 1839 vel
707 1807 747 1838 ab
772 1807 877 1839 homi-

964 1650 978 1692 ἓ
997 1650 1029 1682 1.
1048 1649 1216 1682 Emanavit
1239 1660 1344 1692 nuper
1358 1661 1375 1682 a
1392 1650 1652 1694 Congregatione
1668 1661 1845 1712 annogtrlexrffl

1737 1695 1760 1713 ag
1794 1697 1797 1707 ι

919 1702 1154 1734 venerabilium
1174 1702 1306 1734 fratrum
1320 1707 1503 1735 nostrorum
1522 1703 1553 1736 S.
1566 1703 1649 1737 RE.
1663 1716 1784 1739 praem-tau
1797 1722 1845 1736 evu-

1664 1743 1694 1760 tm
1706 1744 1845 1766 promotorem

919 1754 1130 1787 cardinalium
1148 1754 1243 1786 sacris
1256 1754 1372 1787 ritibus
1391 1756 1652 1798 praepositorum
1663 1766 1846 1820 gijgaigxffmffiffi

919 1807 1086 1839 decretum
1104 1807 1224 1839 tenoris
1242 1807 1295 1849 qui
1314 1807 1469 1849 sequitur,
1486 1808 1650 1841 videlicet:
1663 1819 1750 1846 ramae.

0 2536 98 2574 lastels&

144 1866 194 1897 ne,
216 1857 326 1900 quavis
353 1857 520 1890 occasione
543 1859 592 1891 vel
617 1861 712 1891 causa
735 1859 820 1899 latis,
849 1860 876 1891 si

145 1909 261 1951 quibus
277 1910 524 1952 quomodolibet
541 1910 714 1943 innodatae
727 1911 874 1951 existunt,

144 1962 183 1994 ad
200 1961 346 1995 effectum
370 1963 588 2005 praesentium
614 1963 778 1996 dumtaxat
801 1974 876 1997 con-

144 2015 365 2057 sequendum,
402 2015 517 2047 harum
549 2015 633 2048 serie
670 2017 875 2049 absolventes

144 2071 175 2098 et
194 2067 358 2100 absolutas
382 2068 451 2100 sore
469 2073 649 2107 censentes,
669 2069 876 2111 supplicatio-

142 2119 236 2152 nibus
273 2130 386 2153 eorum
416 2120 546 2153 nomine
570 2120 663 2152 nobis
688 2131 785 2163 super
812 2122 875 2155 hoc

142 2171 311 2204 humiliter
333 2172 489 2215 porrectis
514 2172 682 2213 inclinati,
709 2173 874 2207 decretum

143 2223 388 2263 praeinsertum,
407 2224 597 2257 auctoritate
618 2225 804 2267 apostolica,
827 2232 874 2260 te-

143 2285 220 2308 nore
244 2277 476 2319 praesentium,
503 2277 718 2319 approbamus
744 2283 776 2310 et
800 2289 875 2311 con-

141 2326 316 2369 firmamus,
331 2329 444 2372 illique
462 2329 657 2361 inviolabilis
676 2331 872 2372 apostolicae

142 2379 300 2414 firmitatis
324 2382 426 2415 robur
450 2382 639 2422 adiicimus3
660 2384 748 2415 salva
766 2388 873 2417 tamen

143 2441 270 2476 semper
291 2434 331 2467 ,in
355 2435 542 2477 praemissis
566 2435 757 2468 auctoritate
781 2447 874 2479 prae—

143 2484 226 2519 fatae
250 2486 514 2530 Congregationis
539 2488 761 2522 cardinalium.

924 1871 937 1890 α
967 1860 1001 1891 In
1025 1859 1284 1901 Congregatione
1309 1859 1478 1892 Sacrorum
1502 1860 1650 1903 Rituum,

918 1917 1119 1955 proponente
1145 1912 1402 1945 eminentissimo
1435 1918 1468 1945 et
1502 1924 1652 1947 reveren-

918 1965 1048 1998 dissimo
1067 1964 1198 1998 domino
1216 1965 1370 1998 cardinali
1388 1965 1571 2006 Ludovisio,
1590 1967 1653 2000 dis-

918 2018 1012 2050 cussa
1037 2019 1132 2051 causa
1163 2018 1400 2050 controversiae
1431 2019 1651 2060 processionis

917 2070 987 2102 fieri
1017 2069 1130 2102 solitae
1163 2070 1379 2102 solemnitatis
1412 2070 1465 2103 SS.
1503 2070 1651 2114 Corporis

917 2122 1044 2162 Christi,
1062 2122 1202 2155 vertenti
1223 2122 1308 2155 inter
1324 2123 1501 2156 monachos
1521 2123 1654 2157 Carthu·

917 2175 1024 2208 sianos
1049 2175 1165 2217 Papiae
1191 2180 1224 2208 et
1254 2180 1477 2217 promotorem
1506 2175 1651 2209 fiscalem

916 2238 1048 2260 mensae
1079 2227 1274 2270 episcopalis
1304 2226 1452 2260 eiusdem
1488 2228 1648 2270 civitatis,

916 2280 1027 2312 eadem
1045 2290 1134 2312 sacra
1151 2279 1375 2322 Congregatio,
1394 2281 1533 2324 utraque
1557 2286 1649 2324 parte

916 2332 992 2364 hinc
1015 2332 1090 2365 inde
1115 2332 1223 2365 audita
1247 2336 1279 2364 et
1302 2332 1515 2373 informante,
1541 2334 1650 2367 decla·

915 2384 997 2417 ravit
1020 2384 1117 2417 licere
1142 2384 1288 2426 patribus
1312 2383 1497 2418 Carthasiae
1518 2385 1650 2429 Papien·

950 2463 961 2489 1
980 2462 1016 2490 De
1030 2462 1176 2498 privilegiis
1192 2462 1429 2491 Cartliusianorum
1443 2463 1505 2490 vide
1519 2463 1546 2491 in
1562 2468 1648 2492 const.

914 2506 985 2533 edita
1004 2513 1160 2541 nncmxxn,
1182 2505 1225 2533 die
1240 2506 1271 2534 31
1289 2507 1354 2540 iulii,
1375 2511 1451 2542 pont.
1471 2515 1517 2542 v1;
1538 2508 1602 2535 item
1622 2509 1649 2535 in

187 2540 202 2573 S
226 2538 257 2573 3.
283 2539 500 2586 Decernentes
534 2541 663 2587 easdem
687 2546 882 2591 praesentes
914 2555 999 2579 const.
1017 2551 1088 2579 edita
1102 2550 1312 2594 noemmindie
1328 2550 1361 2579 18
1375 2551 1503 2587 octobris,
1519 2555 1594 2587 pont.
1610 2559 1666 2595 vx,⁷
