2101 3214
1020 191 1061 195 —-
1088 181 1144 203 Vlll
1170 189 1211 194 ···-·

346 237 562 285 editionis
587 238 771 281 nostrae
796 233 1033 278 volumina
1055 233 1285 294 vulganda
1309 236 1591 294 supererunt
1616 236 1667 277 ut
1690 232 1891 294 primam

345 317 605 379 longissimi
651 330 815 360 cursus
858 313 1005 358 nostri
1045 316 1216 358 metam
1259 312 1547 374 propositam
1589 312 1891 372 attingamus3

345 398 554 457 adeoque
599 394 811 456 proximo
852 407 995 448 anno,
1036 393 1163 453 quod
1201 393 1524 454 promisimus,
1566 395 1716 437 totum
1760 392 1891 453 Opus

348 475 764 537 Cocquelinianum
813 476 893 517 aut
939 471 1206 517 absolutum
1250 457 1552 527 habebimus,
1603 476 1682 517 aut
1728 489 1894 534 parum

348 557 507 603 deerit.

410 637 535 690 Quot
568 650 702 679 curas
736 634 784 678 in
819 631 1163 693 Diplomatibus
1197 632 1468 687 Pontificiis,
1505 632 1551 675 in
1586 632 1756 692 quibus
1790 648 1898 677 vera

347 717 519 762 residet
553 714 793 776 sapientia,
829 729 853 757 a
888 712 1235 773 typothetarum
1269 712 1451 757 mendis
1486 711 1797 772 expurgandis
1823 712 1896 756 in-

348 812 606 849 sumamus,
642 809 737 839 non
772 797 841 838 est
875 793 1001 853 quod
1037 793 1124 853 ipsi
1151 792 1381 847 dicamus,
1417 793 1589 837 etenim
1626 807 1697 836 res
1733 808 1816 852 per
1850 808 1898 838 se

354 879 490 937 patet.
527 874 757 935 Equidem
787 889 880 918 non
906 888 1073 933 parum
1099 888 1183 917 nos
1210 875 1421 917 recreant
1445 872 1566 916 inter
1590 871 1899 916 laborandum

354 954 619 1000 testimonia
654 958 698 998 et
732 952 892 997 laudes
917 952 1125 997 virorum
1150 952 1261 996 artis
1296 952 1655 1012 typographicae
1690 951 1900 1012 apprime

351 1035 633 1096 peritorum,
652 1033 746 1094 qui,
774 1036 875 1077 tum
900 1032 948 1076 in
967 1031 1199 1077 Comitatu
1221 1031 1574 1091 Typographico
1600 1031 1900 1085 Bononiensi,

354 1129 476 1159 anno
511 1129 619 1157 mox
653 1112 830 1172 elapso,
870 1115 966 1155 tum
1002 1110 1273 1170 nuperrime
1308 1110 1355 1153 in
1396 1110 1562 1169 Magna
1601 1111 1902 1171 omnigenam

358 1194 690 1240 catholicarum
727 1192 897 1236 artium
935 1205 1131 1251 operum
1167 1205 1222 1234 ex
1255 1192 1350 1233 toto
1385 1188 1496 1233 orbe
1532 1189 1904 1249 conquisitorum

354 1274 658 1335 Expositione
700 1273 874 1317 Romae
914 1270 1090 1324 habita,
1127 1270 1245 1313 hanc
1287 1284 1474 1329 quoque
1513 1268 1668 1328 Magni
1711 1268 1904 1313 Bullarii

356 1354 556 1401 Romani
583 1353 833 1398 editionem
860 1350 1197 1396 Taurinensem
1224 1349 1393 1409 insigni
1419 1348 1595 1393 honore
1622 1364 1671 1392 ac
1698 1349 1904 1408 praemio

357 1435 650 1480 decorarunt.
679 1431 984 1478 Potissimum
1010 1430 1092 1475 SS.
1111 1430 1165 1475 D.
1189 1429 1241 1475 N.
1269 1429 1340 1474 Pii
1366 1428 1456 1474 ΡΡ.
1484 1428 1547 1473 ΙΧ
1572 1427 1906 1488 adprobatione

357 1514 691 1568 iucundamur,
727 1513 827 1573 qui,
856 1526 1030 1557 novum
1064 1509 1411 1555 munificentiae
1437 1524 1488 1553 ac
1514 1507 1906 1570 propensissimae

358 1597 408 1642 in
455 1612 540 1641 nos
587 1593 886 1655 benignitatis
926 1591 1268 1645 testimonium,
1307 1604 1529 1650 magnum
1578 1604 1773 1633 aureum
1815 1604 1906 1633 nu-

361 1677 530 1723 misma
564 1675 636 1721 sui
676 1674 877 1735 imagine
910 1672 1138 1718 caelatum
1170 1670 1305 1716 nobis
1340 1685 1502 1715 recens
1537 1668 1737 1714 donavit.
1771 1668 1831 1714 At
1858 1672 1910 1713 ut

362 1756 551 1802 accedat
588 1769 776 1817 quoque
802 1769 854 1800 ea
879 1752 1252 1812 subscriptorum
1283 1750 1436 1811 copia,
1462 1765 1580 1811 quae
1614 1752 1708 1794 tam
1743 1748 1907 1809 ingen-

362 1836 488 1882 tibus
514 1833 781 1896 sumptibus
807 1830 1218 1893 recompensandis
1244 1846 1327 1892 par
1352 1831 1424 1886 sit,
1450 1830 1619 1875 iterum
1646 1829 1908 1890 iterumque

364 1919 676 1978 expectamus.
711 1914 835 1960 Vale.

529 2103 682 2139 Augustae
704 2102 912 2137 'faurhtai-unu
936 2100 1030 2129 idibus
1053 2100 1171 2137 augusti
1194 2107 1363 2126 nnocccxx.

1217 2367 1268 2411 A.
1304 2366 1456 2409 VEcco
1493 2379 1547 2409 ET
1583 2363 1725 2409 Socn.
