2111 3157
7 238 55 265 An.
76 236 104 264 C.
122 236 189 264 ¹686

41 715 68 736 De
89 717 181 741 print-um

0 743 163 764 confirmatione.

193 291 316 320 ctorum
346 287 514 327 libior,um
551 294 582 321 et
617 289 702 332 quod
736 288 943 341 supeiimcs

778 240 989 264 INNOCENTtts
1012 242 1041 264 M
1067 241 1117 264 1¹.1‘

1593 229 1655 264 703

965 288 1052 321 dicto
1080 288 1262 331 regimine:
1295 293 1494 332 quapropter
1527 288 1695 321 oidinatui

192 339 275 373 nihil
300 341 425 383 possint
449 343 615 385 percipere
643 353 702 375 nec
731 342 943 385 impendere
963 346 998 373 ut
1022 342 1054 374 in
1079 353 1136 384 pos
1125 347 1244 375 telum
1269 342 1395 385 possint
1418 341 1536 375 iterum
1560 341 1635 382 eligi
1664 347 1695 374 et

191 394 395 434 manualite1‚
417 395 472 427 sed
497 395 600 428 dictae
625 405 786 438 expensae
812 400 843 427 et
867 405 923 427 ne-

191 447 329 480 cessaria
359 448 424 480 sint
454 448 512 480 sub
545 458 644 481 onere
675 452 921 491 procuratorum

963 393 1147 426 consumaii
1178 405 1196 427 a
1226 395 1366 437 capitulo
1391 395 1534 437 generali
1566 395 1616 427 vel
1649 394 1696 426 in-

965 447 1119 480 termedio
1145 447 1177 479 in
1201 447 1293 480 dictis
1319 448 1506 480 muneribus
1531 447 1694 490 prioratus

191 504 224 532 et
249 499 520 543 dispensatorum.
548 500 713 533 Praedicta
731 500 922 532 ordinantur
964 509 1074 532 omnes
1105 500 1180 533 illae
1213 511 1373 543 personae
1407 511 1490 544 quae
1521 501 1617 543 digne
1650 501 1696 533 vi-

190 551 224 584 in
247 552 365 585 virtute
390 557 518 584 sanctae
536 551 751 591 obedientiae,
770 557 801 584 et
818 553 923 593 poena

181 604 379 652 xprivationis
404 604 498 637 officii
516 609 548 637 et
571 605 693 637 activae
718 609 751 637 et
776 603 921 647 passivae

189 657 290 691 vocis.

234 721 281 744 111.
308 710 386 750 Quia
403 716 498 753 caput
518 722 609 744 xxx1x
636 715 819 743 nostrarum
844 720 921 742 con—

190 763 391 796 stitutionum
426 763 554 796 ordinat
588 769 620 795 et
654 763 784 795 mandat
816 762 920 795 officia

188 815 337 859 priorum
373 816 527 849 duratura
562 826 631 848 esse
665 821 789 848 tantum
815 815 920 858 spatio

188 868 286 901 trium
315 879 492 909 annorum,
521 872 574 908 et,
607 869 656 901 his
688 869 826 911 elapsis,
857 878 919 900 non

187 932 282 966 posse
306 922 424 955 iterum
449 922 525 964 eligi
551 927 582 955 et
611 922 793 955 confirmari
819 922 851 954 in
876 922 922 954 di-

187 980 238 1008 cto
256 974 360 1008 officio
380 975 544 1017 prioratus
562 975 633 1008 illas
658 986 813 1018 personas
840 986 920 1017 quae

187 1038 250 1060 iam
268 1027 399 1060 suerunt
416 1027 548 1070 priores,
567 1033 630 1060 tam
648 1028 680 1060 in
696 1038 734 1060 eo
753 1027 920 1071 hospitali,

187 1080 242 1113 ubi
268 1085 497 1119 exercuerunt,
524 1091 617 1123 quam
649 1081 680 1113 in
711 1080 823 1123 quovis
849 1080 920 1119 alio,

187 1133 250 1166 nisi
279 1133 396 1176 elapsis
425 1133 527 1166 tribus
557 1133 648 1166 annis
675 1133 850 1166 vacationis
874 1134 921 1165 sui

187 1186 347 1225 muneris-,
367 1192 398 1219 et
422 1186 498 1229 quia
522 1191 594 1218 sunt
617 1187 708 1219 multi
733 1186 818 1225 anni,
838 1187 921 1229 quod

189 1239 273 1272 dicta
289 1239 406 1281 religio
425 1239 547 1281 indiget
559 1239 705 1282 personis
723 1239 848 1272 idoneis
863 1249 922 1281 pro

189 1292 282 1325 dictis
299 1292 423 1332 officiis,
442 1298 474 1325 et
497 1293 536 1325 ad
565 1293 797 1325 deveniendum
817 1293 854 1325 ad
872 1303 923 1325 no-

188 1356 258 1378 vam
286 1346 478 1379 electionem
510 1355 589 1388 opus
622 1345 680 1378 suit
711 1346 743 1378 in
774 1346 921 1388 pluribus

188 1398 372 1441 praeteritis
399 1397 549 1440 capitulis
579 1408 746 1431 recurrere
785 1398 824 1430 ad
850 1408 923 1429 san-

187 1455 271 1482 ctam
295 1449 411 1483 Sedem
436 1450 662 1492 Apostolicam‚
685 1456 716 1482 et
739 1450 922 1493 supplicare

187 1502 239 1536 SS.
260 1502 296 1535 D.
315 1502 353 1535 N.
381 1512 440 1545 pro
468 1502 572 1535 diotae
600 1502 837 1535 constitutionis
861 1503 923 1534 dis-

187 1554 390 1598 pensatione,
409 1565 473 1598 qua
490 1555 677 1587 auctoritate
703 1554 810 1587 denuo
828 1554 921 1586 electi

186 1608 318 1640 suerunt
334 1607 366 1640 in
383 1608 476 1641 dictis
498 1607 659 1651 capitulis,
680 1612 710 1640 et
727 1607 801 1650 quia
819 1608 923 1649 quoti-

188 1661 241 1694 die
262 1661 364 1704 magis
386 1665 521 1703 apparet
544 1671 755 1703 personarum
778 1661 922 1693 desectus

188 1713 230 1746 ob
258 1714 434 1747 multorum
464 1713 694 1755 religiosorum
714 1719 869 1751 mortem3
892 1718 923 1746 et

188 1766 266 1809 quia
291 1766 478 1799 defecerunt
500 1766 645 1798 seniores
668 1766 799 1808 triginta
822 1776 923 1799 anno-

187 1828 257 1851 rum
274 1818 353 1851 citra
369 1819 410 1851 ob
428 1818 615 1851 continuam
634 1819 849 1851 assistentiam
868 1819 923 1851 ha-

187 1871 287 1904 bitam
305 1871 337 1903 in
356 1870 595 1904 infirmitatibus
613 1872 726 1914 pestis,
743 1871 859 1914 quibus
877 1882 923 1904 re-

189 1934 287 1966 gnum
319 1923 491 1966 Hispaniae
523 1924 682 1957 laboravit
713 1924 817 1967 spatio
848 1929 921 1957 octo

188 1986 356 2015 annorum,
375 1976 408 2008 in
434 1977 550 2019 quibus
577 1977 730 2009 obierunt
754 1978 922 2020 quamplu-

189 2039 241 2062 res
260 2028 423 2071 religiosi;
450 2034 482 2062 et
505 2040 578 2062 cum
603 2029 668 2062 sint
693 2030 793 2062 ceteri
821 2040 922 2062 rema-

188 2086 301 2115 nentes
318 2080 458 2122 iuvenes,
477 2086 510 2114 et
526 2082 646 2125 absque
664 2083 863 2124 experientia
891 2088 923 2116 et

187 2138 392 2177 competente
411 2139 515 2167 aetate
534 2135 572 2167 ad
587 2135 844 2176 gubernandum,
861 2146 921 2177 qua

187 2187 228 2219 de
252 2188 358 2225 causa,
383 2196 455 2218 cum
486 2186 583 2219 suerit
613 2187 693 2219 sacta
721 2187 922 2230 experientia

186 2239 367 2282 aliquorum
392 2239 584 2272 honorando
610 2249 664 2272 eos
691 2238 722 2271 in
745 2239 836 2272 dictis
854 2239 922 2272 ossi-

186 2291 254 2331 ciis,
272 2301 354 2334 opus
383 2290 443 2323 suit
471 2301 527 2323 eos
555 2291 594 2323 ab
623 2290 686 2324 illis
712 2291 848 2334 privare,
880 2293 921 2325 ob

186 2354 297 2377 eorum
313 2344 434 2376 malum
453 2343 599 2386 regimen
622 2349 654 2376 et
675 2343 921 2378 administratio-

186 2406 258 2430 nem
276 2396 420 2429 habitam
436 2396 678 2429 remanentibus
695 2396 871 2438 praedictis
888 2398 920 2430 in

185 2459 301 2492 magno
324 2449 522 2493 praeiudicio
548 2454 580 2482 et
605 2450 723 2482 damno
745 2451 921 2483 coenobio-

184 2513 255 2535 rum
281 2508 312 2535 et
337 2502 561 2545 hospitalium,
588 2503 675 2545 quod
700 2512 766 2535 non
790 2503 922 2537 accidis-

186 2561 237 2589 set
260 2556 285 2588 si
310 2560 447 2598 possent
464 2556 574 2588 denuo
595 2555 671 2598 eligi
697 2561 729 2588 et
752 2557 921 2590 confirma-

185 2608 212 2642 ri
248 2608 294 2642 illi
321 2608 375 2655 qui
401 2612 474 2640 sunt
505 2618 637 2651 capaces
672 2613 703 2641 et
732 2609 854 2652 experti
887 2610 919 2643 in

965 552 1102 585 deantur
1133 553 1217 586 dicto
1251 553 1407 595 capitulo,
1433 555 1466 586 in
1491 554 1562 587 aliis
1588 559 1694 587 tamen

964 605 1194 647 hospitalibus,
1220 606 1356 639 exclusis
1392 607 1473 645 illis,
1509 607 1542 639 in
1579 607 1696 650 quibus

964 658 1193 690 antecedenter
1206 664 1238 691 et
1251 659 1437 691 immediate
1450 660 1611 702 prioratus
1628 671 1697 692 mu-

963 719 1041 742 nere
1066 710 1165 743 suncti
1190 716 1273 749 sunt,
1289 712 1327 743 ad
1352 711 1455 753 ipsius
1479 712 1614 755 capituli
1640 723 1693 745 ar

963 763 1104 801 bitiium,
1131 768 1162 796 et
1186 774 1244 806 per
1275 764 1468 797 decennium
1501 775 1518 798 a
1543 766 1595 798 die
1620 777 1696 822 con-

963 814 1151 848 sumationis
1176 815 1358 857 proximum
1384 821 1518 849 tantum.

1008 877 1050 900 iv.
1077 866 1167 905 Quod
1187 868 1337 911 superior
1353 878 1419 901 non
1445 869 1568 903 liabens
1594 872 1698 903 aulam
1736 884 1764 915 nn
1788 883 1889 904 vult-iudi-

1708 917 1775 932 ΙὶῧΙἹΟ,

964 930 1024 963 pro
1050 920 1225 953 infirmaria
1255 931 1328 954 cum
1361 923 1457 963 pleno
1486 933 1622 956 nurnero
1655 925 1697 957 le-

965 978 1101 1011 ctorum,
1115 974 1293 1006 secundum
1319 974 1541 1008 fundationem
1560 976 1610 1008 vel
1628 986 1700 1018 pos-

964 1025 1149 1058 sibilitatem
1174 1025 1360 1068 hospitalis,
1388 1036 1460 1059 cum
1489 1028 1701 1070 supellectili-

964 1078 1022 1109 bus
1047 1078 1236 1110 necessariis
1261 1079 1477 1112 condecorata
1501 1081 1539 1112 ad
1557 1091 1700 1114 commo-

966 1131 1099 1163 ditatem
1125 1137 1156 1163 et
1180 1131 1380 1164 curationem
1408 1143 1589 1175 pauperum
1614 1133 1701 1166 intir-

965 1194 1101 1224 morum,
1119 1184 1260 1227 privetur
1277 1195 1354 1217 voce
1379 1185 1480 1218 activa
1506 1191 1538 1218 et
1561 1187 1698 1229 passiva,

966 1242 998 1270 et
1023 1237 1077 1270 ille
1109 1238 1164 1280 qui
1198 1237 1239 1270 ob
1271 1242 1439 1280 urgentem
1471 1239 1700 1273 necessitatem

966 1290 1100 1332 hospitii
1126 1295 1216 1323 extra
1239 1291 1456 1333 asportaverit
1486 1292 1618 1335 aliquod
1650 1294 1699 1326 vel

966 1343 1073 1385 aliqua
1110 1344 1204 1383 lecta,
1231 1343 1286 1376 fiat
1321 1354 1394 1376 cum
1429 1344 1633 1377 ordinatione
1669 1350 1701 1378 et

965 1406 1118 1439 expresso
1144 1407 1308 1429 consensu
1332 1398 1433 1439 patris
1457 1399 1629 1439 generalis,
1646 1399 1699 1441 qui

966 1458 1140 1481 consensus
1159 1449 1227 1481 dari
1246 1449 1363 1481 debeat
1379 1450 1591 1482 consideratis
1609 1451 1698 1493 prius

966 1501 1090 1533 motivis
1116 1507 1147 1534 et
1170 1501 1351 1544 indigentia
1379 1512 1461 1545 quae
1487 1503 1527 1535 ad
1557 1502 1589 1535 id
1619 1504 1700 1536 acci-

966 1554 1068 1593 derit;
1097 1560 1127 1587 et
1151 1565 1209 1597 pro
1234 1554 1347 1587 maiori
1372 1555 1614 1597 praedictorum
1645 1557 1701 1589 ob-

966 1607 1123 1639 servantia
1160 1608 1278 1640 debeat
1313 1607 1346 1640 in
1382 1608 1518 1650 singulis
1550 1610 1700 1652 capitulis

966 1665 1030 1692 tam
1056 1660 1263 1701 generalibus
1297 1671 1391 1703 quam
1420 1661 1620 1694 intermediis
1646 1663 1702 1695 de-

966 1712 1130 1745 terminari
1148 1723 1303 1745 numerus
1322 1714 1479 1746 lectorum
1501 1714 1540 1746 ad
1564 1725 1697 1758 propor-

966 1766 1087 1799 tionem
1114 1766 1297 1799 reddituum
1331 1766 1529 1809 singulorum
1562 1768 1702 1811 hospita-

966 1819 1052 1858 lium,
1080 1829 1219 1862 quorum
1251 1819 1377 1862 priores
1410 1819 1538 1863 sempfer
1563 1820 1702 1853 debeant

966 1883 1037 1905 esse
1064 1872 1165 1915 parati
1187 1873 1224 1905 ad
1250 1872 1455 1915 recipiendos
1481 1872 1624 1906 intirmos
1642 1885 1700 1917 pro

965 1935 1098 1957 numero
1125 1925 1285 1957 dictorum
1310 1926 1475 1965 lectorum,
1501 1926 1561 1959 sub
1586 1927 1700 1969 poenis

966 1987 1061 2020 supra
1086 1977 1257 2019 expressis.

1009 2041 1038 2062 v.
1066 2029 1154 2067 Quod
1179 2030 1258 2063 nulli
1283 2031 1490 2073 superiorum
1515 2032 1619 2072 liceat,
1641 2043 1700 2066 nec

966 2083 1128 2124 permittat
1153 2083 1289 2116 subditis
1314 2083 1379 2116 suis
1401 2084 1448 2117 ire
1466 2085 1504 2117 ad
1520 2086 1701 2127 ‘petendum
1744 2084 1749 2089 ’

966 2137 1192 2178 eleemosynas
1220 2142 1309 2168 extra
1341 2137 1543 2170 territorium
1573 2140 1622 2171 vel
1656 2139 1702 2171 iu-

965 2188 1187 2221 risdictionem
1213 2189 1261 2221 sui
1289 2189 1467 2231 hospitalis,
1486 2190 1518 2222 in
1539 2191 1701 2233 praeiudi-

964 2242 1049 2274 cium
1073 2242 1208 2274 aliorum
1235 2242 1334 2284 ipsius
1358 2241 1495 2282 Ordinis,
1514 2244 1571 2276 sub
1596 2247 1701 2287 poena

965 2294 1154 2337 privationis
1180 2294 1275 2327 officii
1302 2300 1333 2327 et
1356 2295 1479 2328 activae
1504 2302 1535 2328 et
1551 2296 1700 2339 passivae

964 2348 1049 2380 vocis
1075 2357 1133 2390 per
1157 2353 1295 2390 quatuor
1319 2358 1429 2387 annos,
1467 2353 1531 2380 tam
1557 2350 1701 2392 superio-

965 2399 1061 2439 ribus,
1080 2399 1135 2442 qui
1154 2399 1271 2432 dictam
1288 2400 1452 2432 licentiam
1470 2402 1698 2442 concesserint,

964 2463 1059 2496 quam
1084 2453 1227 2493 subditis,
1247 2453 1302 2495 qui
1320 2453 1379 2485 sub
1405 2453 1489 2486 dicta
1512 2454 1707 2497 permissio-r

964 2516 1004 2539 ne
1029 2506 1183 2549 petierint
1209 2506 1309 2538 dictas
1334 2507 1572 2550 eleemosynas

1007 2570 1050 2592 vi.
1078 2558 1165 2596 Quod
1191 2558 1266 2592 dicti
1292 2564 1398 2602 patres
1423 2560 1609 2603 superiores
1633 2572 1699 2595 non

963 2612 1088 2654 possint
1104 2611 1215 2646 abesse
1240 2622 1258 2645 a
1281 2612 1456 2646 residentia
1480 2618 1512 2646 et
1535 2613 1703 2663 regimine

1700 241 1749 266 An.
1767 239 1794 267 C.
1819 239 1884 267 1080

1737 2040 1766 2062 De
1779 2040 1894 2068 eleemosy-

1749 2565 1779 2586 De
1799 2566 1893 2591 superio·

1711 2598 1755 2613 rum
1769 2592 1827 2614 sede.
