2111 3157
1 159 49 184 An.
66 157 96 185 C.
116 157 182 185 ¹678
782 164 838 183 ’ΝΜ

187 212 313 247 torum,
344 214 606 251 perpetuaequiie
640 209 848 240 inhabilitatis
879 209 916 239 ad

186 260 242 293 illa
266 266 297 292 et
321 261 382 293 alia
412 261 443 292 in
469 266 629 303 posterum
660 260 855 297 obtinenda,
882 270 917 291 ac

186 312 280 345 etiam
307 313 437 345 maioris
470 312 812 346 excommunicationis
843 322 916 353 poe-

184 365 234 398 nis
268 366 339 408 ipso
377 367 458 399 facto
494 365 719 403 incurrendis,
744 370 916 397 teneantur

183 428 250 451 non
274 419 376 451 solum
393 419 432 451 ab
453 419 514 452 alia
530 419 686 451 electione
705 417 822 460 prioris
844 427 915 459 pro·

183 471 328 504 vincialis
354 471 526 510 abstinere,
545 471 602 503 sed
621 471 715 503 etiam
735 469 792 512 ipsi
812 469 913 511 priori

182 522 368 566 provinciali
386 533 442 555 seu
466 523 584 555 rectori
608 521 807 565 provinciali,
828 521 913 553 aliis-

181 586 243 618 que
269 580 302 607 ut
326 585 423 618 supra
457 575 635 618 respective
670 574 782 607 electis
813 579 844 606 et
866 573 913 606 in-

180 627 307 667 stitutis,
326 629 434 660 secuta
459 626 701 660 confirmatione
727 626 871 668 praefata
896 636 912 658 a

179 679 384 722 praesidente
402 679 491 719 facta,
509 679 648 712 debitam
668 677 822 711 exhibere
841 677 911 710 obe-

179 732 333 765 dientiam
357 736 421 764 tam
446 732 479 764 in
505 730 736 774 temporalibus
762 741 857 773 quam
877 730 908 762 in

179 784 414 828 spiritualibus,
444 794 509 817 non
535 785 682 817 obstante
708 792 908 826 quacumque

177 837 408 881 protestatione
422 842 476 869 aut
489 836 708 879 appellatione
731 835 825 868 etiam
836 841 909 878 post

176 888 454 923 confirmationem
479 887 666 921 huiusmodi
691 887 772 920 sacta
794 888 841 919 vel
862 887 908 919 in-

177 941 334 985 terposita
365 942 405 974 de
437 941 525 980 iure3
552 951 611 973 nos
648 940 733 972 enim
759 940 797 972 ad
823 940 907 972 hunc

176 993 323 1026 ellectum
345 1003 381 1026 ex
400 995 489 1026 certa
510 993 645 1026 scientia
672 997 703 1025 et
721 992 759 1025 de
782 997 907 1034 aposto-

174 1046 255 1079 licae
269 1047 439 1090 potestatis
453 1046 656 1089 plenitudine
674 1047 839 1089 suppletos
857 1046 887 1077 in

175 1099 277 1142 telligi
294 1109 331 1132 ac
350 1109 410 1141 pro
435 1099 593 1142 suppletis
618 1098 729 1131 haberi
756 1099 905 1131 volumus

175 1162 287 1184 omnes
309 1156 340 1184 et
363 1151 509 1194 singulos
534 1151 613 1184 alios
638 1151 789 1189 desectus,
811 1151 905 1184 etiam

173 1204 414 1243 substantiales,
438 1204 515 1236 iuris
542 1209 573 1236 et
597 1204 679 1244 sacti,
706 1204 731 1236 si
758 1204 839 1236 sorte
860 1203 905 1236 in-

174 1256 370 1289 tervenerint
401 1256 434 1288 in
463 1256 656 1299 supradictis
691 1256 904 1288 electionibus

173 1315 205 1342 et
228 1309 536 1349 confirmationibus,
566 1309 703 1352 illasque
726 1319 785 1351 per
809 1319 906 1357 quos-

171 1372 310 1405 cumque
332 1362 465 1401 iudices,
485 1362 581 1394 etiam
602 1361 711 1404 palatii
737 1361 904 1404 apostolici

171 1415 346 1455 auditores,
367 1415 473 1458 quoad
498 1424 611 1447 omnes
636 1419 666 1447 et
690 1414 835 1456 singulos
860 1414 905 1446 iu-

171 1468 216 1500 ris
241 1467 384 1508 effectus,
403 1467 517 1500 haberi
539 1472 570 1500 et
589 1467 721 1500 iudicari
742 1473 905 1510 tamquam

170 1520 314 1563 legitime
332 1521 486 1553 canonice
507 1520 617 1559 saetas,
637 1520 764 1553 interim
782 1526 814 1553 et
831 1531 904 1563 quo-

169 1583 273 1615 usque
298 1573 338 1605 ad
362 1571 548 1610 Quitensem
568 1582 622 1604 sen
641 1572 719 1605 alias
743 1572 903 1604 Indiarum

171 1625 354 1667 provincias
379 1625 561 1667 praedictas
586 1625 762 1667 respective
787 1624 903 1667 prioris

172 1678 334 1719 generalis
360 1678 408 1710 vel
434 1677 542 1709 vicarii
576 1677 735 1719 generalis
761 1677 902 1709 eiusdem

171 1729 300 1762 Ordinis
326 1729 553 1762 determinatio
579 1730 772 1772 pervenerit,
800 1730 904 1771 legiti-

170 1792 286 1825 meque
305 1782 344 1814 de
363 1783 401 1814 ea
425 1782 606 1815 constiterit
627 1787 658 1814 et
678 1782 823 1814 intimata
843 1783 903 1815 suc-

170 1834 212 1866 rit
235 1834 352 1877 quibus
379 1834 417 1866 de
442 1834 511 1867 iure
537 1839 683 1866 constare
709 1839 739 1867 et
763 1834 903 1867 intimari

170 1887 279 1920 debet.
307 1886 397 1925 Quod
417 1887 442 1919 si
464 1887 518 1920 lite
544 1887 704 1930 pendente
731 1898 829 1930 super
854 1899 903 1920 va-

169 1939 295 1973 liditate
314 1950 369 1972 seu
384 1939 533 1973 nullitate
551 1940 681 1983 capituli
699 1941 903 1983 provincialis

168 1993 219 2024 vel
245 1992 474 2035 cuiuscumque
509 1992 674 2025 electionis
705 1992 804 2025 instet
833 1994 902 2026 dies

169 2044 329 2088 praefixus
353 2045 562 2077 celebrationi
582 2046 655 2078 novi
673 2046 803 2088 capituli
829 2057 903 2090 pro-

168 2097 324 2137 vincialis,
344 2097 471 2140 possint
491 2097 702 2130 nihilominus
727 2103 759 2130 et
777 2103 902 2131 tenean-

169 2154 222 2182 tur
245 2159 356 2182 omnes
383 2150 542 2182 electores
567 2150 606 2182 ad
630 2150 736 2182 locum
762 2150 903 2183 destina-

169 2206 236 2234 tum
258 2201 441 2241 convenire,
456 2207 494 2241 et,
514 2202 600 2234 iuxta
619 2212 725 2235 sacros
750 2214 901 2243 canones,

169 2254 304 2288 Concilii
326 2254 507 2287 Tridentini
533 2254 673 2294 decreta,
693 2265 729 2287 ac
749 2256 902 2298 apostoli-

169 2317 222 2339 cas
248 2311 279 2339 et
302 2305 379 2339 dicti
404 2305 532 2338 Ordinis
564 2306 903 2347 constitutioncsfno·

168 2369 242 2392 vum
271 2359 446 2401 capitulum
481 2359 679 2402 provinciale
716 2360 900 2393 huiusmodi

169 2411 347 2450 celebrare,
360 2421 429 2450 nec,
446 2411 570 2444 ratione
590 2410 661 2443 talis
680 2411 743 2444 litis
760 2413 900 2455 penden-

880 162 989 183 thTtLrt
1015 162 1040 183 Xl
1069 163 1115 184 PP-

961 218 1161 250 quocumque
1197 208 1347 240 tribunali
1383 209 1448 240 ullo
1478 208 1574 239 modo
1600 206 1692 249 quid-

960 271 1052 302 quam
1078 272 1242 304 opponere
1273 261 1385 304 possit.
1419 261 1569 302 Idemque
1595 259 1634 291 sit
1659 263 1691 291 et

959 312 1166 355 intelligatur,
1184 314 1305 346 etiamsi
1327 319 1401 357 post
1425 313 1543 346 dietum
1570 311 1691 354 capitu-

959 365 1022 396 lum
1048 367 1247 408 provinciale
1273 372 1512 409 congregatum,
1542 376 1598 398 seu
1626 365 1688 397 iam

958 423 1132 459 peractum,
1158 419 1382 461 supervenerit
1405 419 1442 451 ad
1469 418 1688 462 provinciam,

958 471 1006 501 vel
1032 470 1059 502 ei
1085 470 1259 509 intimetur,
1285 472 1444 505 sententia
1469 472 1688 505 annullatoria

957 522 1071 564 prioris
1098 523 1268 564 generalis,
1292 525 1342 556 vel
1367 524 1475 557 vicarii
1502 525 1684 566 generalis,

956 580 1009 606 aut
1026 585 1107 607 nova
1127 575 1242 608 electio
1260 576 1379 619 prioris
1397 576 1610 619 provincialis,
1629 587 1684 609 seu

955 627 1089 659 rectoris
1114 627 1331 670 provincialis,
1354 628 1554 671 aliorumque
1572 629 1689 661 officia-

955 679 1047 719 lium;
1074 689 1155 722 quae
1192 680 1302 712 omnia
1327 680 1365 712 ad
1392 679 1540 712 effectum
1573 682 1687 713 annul-

954 731 1040 763 landi
1068 732 1243 774 capitulum
1274 732 1471 774 provinciale
1507 742 1686 775 congrega-

953 789 1028 822 tum,
1044 790 1075 816 et
1090 794 1147 816 seu
1171 784 1233 816 iam
1257 789 1433 827 peractum,
1451 790 1549 827 prout
1573 795 1686 828 supra-

952 836 1071 869 dictum
1096 841 1152 876 est,
1170 841 1331 879 tamquam
1356 835 1491 876 inutilia,
1510 847 1546 869 ac
1566 837 1592 869 si
1613 838 1685 870 nul-

952 890 1074 921 latenus
1099 893 1322 930 emanassent,
1348 888 1481 921 omnino
1507 888 1685 922 habeantur

952 946 983 973 et
1018 940 1223 981 iudicentur;
1262 940 1466 984 proindeque
1503 941 1684 983 praefatum

950 993 1125 1036 capitulum
1138 993 1347 1036 provinciale,
1364 993 1409 1025 ita
1425 999 1456 1026 et
1475 998 1571 1036 prout
1587 1004 1684 1037 supra

950 1046 1154 1086 celebratum,
1172 1046 1210 1078 ab
1231 1046 1346 1078 eodem
1361 1046 1467 1088 priore
1485 1057 1541 1080 seu
1562 1047 1681 1080 vicario

950 1099 1092 1140 generali
1117 1098 1298 1131 confirmari
1335 1099 1471 1140 debeat,
1509 1099 1682 1133 dummodo

949 1151 1026 1183 alias
1063 1151 1217 1184 canonice
1252 1156 1283 1184 et
1307 1151 1451 1194 legitime
1483 1152 1681 1186 celebratum

948 1204 998 1235 sit.
1015 1202 1093 1236 Nec¹
1112 1208 1217 1236 tamen
1231 1215 1267 1236 ex
1287 1204 1349 1236 hoc
1365 1204 1481 1247 aliquis
1500 1205 1566 1238 ullo
1585 1206 1680 1238 modo

948 1256 1148 1288 occasionem
1173 1266 1300 1288 sumere
1320 1256 1426 1299 possit
1449 1256 1608 1291 malitiose
1629 1268 1681 1290 oc-

948 1309 1107 1349 cultandi,
1135 1309 1291 1341 alterandi
1318 1319 1372 1341 seu
1399 1308 1567 1342 differendi
1592 1310 1682 1342 exhi-

949 1361 1105 1394 bitionem
1124 1367 1154 1394 et
1174 1362 1428 1404 publicationem
1454 1373 1681 1405 quarumcum-

949 1424 1008 1456 que
1045 1414 1225 1446 litterarum
1255 1414 1287 1446 in
1323 1415 1439 1457 quibus
1474 1415 1680 1448 contineatur

947 1467 1124 1499 annullatio
1161 1468 1209 1499 vel
1232 1477 1316 1499 nova
1347 1467 1468 1500 creatio
1501 1468 1680 1501 electorum

949 1525 1013 1551 tum
1040 1519 1071 1550 in
1096 1519 1199 1562 capite
1225 1524 1290 1551 tum
1315 1520 1347 1551 in
1372 1520 1538 1560 membris,
1565 1520 1591 1553 si
1616 1521 1680 1552 sor-

947 1583 1002 1603 san
1021 1583 1037 1604 a
1055 1571 1163 1614 priore
1178 1572 1227 1604 vel
1245 1571 1362 1604 vicario
1383 1572 1529 1613 generali
1547 1572 1589 1604 ita
1607 1583 1680 1615 pro-

947 1624 1045 1656 visum
1064 1624 1114 1663 sit,
1135 1630 1284 1656 teneatur
1300 1624 1358 1656 sub
1377 1624 1498 1656 eisdem
1518 1625 1631 1667 poenis
1648 1630 1680 1659 et

947 1677 1090 1709 censuris
1105 1678 1172 1717 ille,
1191 1677 1315 1710 etiamsi
1332 1676 1374 1709 sit
1390 1677 1481 1720 prior
1498 1678 1679 1720 provincia-

948 1731 984 1763 lis
1009 1731 1150 1769 actualis,
1168 1731 1206 1763 ad
1226 1731 1315 1763 cuius
1334 1741 1445 1763 manus
1470 1731 1593 1764 litteras
1619 1732 1680 1764 hu-

947 1783 1082 1815 iusmodi
1098 1782 1268 1825 pervenire
1285 1783 1466 1825 contigerit,
1479 1783 1566 1825 ipsas
1584 1785 1680 1817 mani·

948 1837 1061 1867 l'estare
1086 1837 1135 1868 vel
1161 1835 1308 1868 intimare
1326 1836 1373 1868 illi
1391 1836 1441 1868 vel
1468 1835 1543 1877 illis,
1560 1837 1678 1879 quibus

947 1888 985 1919 dc
1008 1888 1076 1919 iure
1095 1887 1291 1919 manisestari
1307 1898 1363 1920 seu
1385 1887 1526 1920 intimari
1544 1889 1675 1921 debent.

990 1941 1003 1982 ξ
1028 1940 1058 1971 4.
1086 1939 1251 1980 Ceterum,
1278 1946 1313 1972 ut
1337 1950 1432 1972 nemo
1458 1941 1678 1983 praesentium

946 1992 1125 2025 litterarum
1140 1992 1356 2035 ignorantiam
1374 1993 1587 2035 praetendere
1602 2004 1679 2036 pos-

946 2046 1006 2085 sit,
1034 2047 1179 2078 volumus
1208 2052 1241 2077 ut
1266 2047 1358 2085 illae,
1385 2046 1489 2078 statim
1517 2051 1612 2090 atque
1638 2048 1679 2080 ad

945 2097 1127 2135 Quitensem
1159 2098 1274 2131 aliasve
1300 2099 1462 2131 lndiarum
1493 2099 1678 2142 provincias

945 2151 1104 2193 praefatas
1126 2151 1304 2194 respective
1330 2152 1548 2194 pervenerint,
1571 2153 1679 2196 publi«

945 2208 1081 2243 centur,
1117 2204 1350 2247 perpetuisque
1377 2204 1491 2236 suturis
1518 2206 1677 2249 tempori·

946 2256 1004 2288 bus
1038 2255 1069 2287 in
1106 2256 1240 2298 singulis
1277 2256 1462 2289 earumdem
1500 2257 1680 2301 provincia-

945 2319 1011 2340 rum
1038 2308 1186 2351 capitulis
1211 2308 1473 2351 provincialibus,
1491 2316 1567 2354 post
1591 2321 1680 2344 reco-

945 2361 1120 2403 gnitionem
1146 2361 1379 2404 praesidentis,
1396 2362 1475 2406 ipse,
1504 2369 1677 2407 antequam

944 2414 982 2446 ad
1014 2413 1154 2457 aliquam
1184 2414 1379 2448 electionem
1409 2416 1604 2457 deveniatur‚
1624 2423 1678 2451 te-

170 2464 233 2496 tiae
250 2474 307 2496 seu
332 2463 491 2496 nullitatis
509 2469 707 2506 praetensae,
730 2465 899 2509 quisquam
944 2471 1057 2499 neatur
1080 2467 1233 2500 mandare
1275 2472 1311 2500 ut
1342 2469 1491 2502 omnibus
1524 2472 1679 2514 capitula-

169 2521 281 2555 contra
303 2516 404 2561 ipsius
421 2516 551 2555 capituli
569 2517 765 2550 validitatem
791 2528 899 2551 coram

979 2529 990 2554 1
1014 2527 1104 2555 Potius
1124 2528 1183 2564 lege
1202 2528 1244 2556 Ne
1263 2530 1304 2565 (R.
1320 2530 1369 2565 T.).

1613 149 1654 182 37
1700 161 1748 184 An.
1770 157 1885 185 C.1073

1717 1948 1836 1971 Clausutae.
