2111 3157
20 235 69 262 An.
83 234 113 260 C.
136 233 203 260 leno

800 231 1011 256 INNOCENTlUS
1032 232 1064 256 XI
1088 232 1137 256 1³1³.

207 282 358 320 rioribus,
386 292 455 314 cum
482 281 596 323 quibus
620 291 658 313 eo
687 291 779 318 anno,
807 280 880 312 lieet
905 280 937 311 in

229 334 362 366 diveisis
378 333 572 372 monsteriis,
584 333 708 365 vixerit.
725 333 790 365 lloe
806 337 937 370 attento,

208 387 293 428 quod
319 386 461 418 titulares
487 385 620 428 praelati
650 385 800 428 deinceps
829 394 935 427 neque

207 438 239 471 in
265 438 397 471 abbates
421 448 492 471 cum
516 437 802 477 administratione,
830 447 935 480 neque

207 490 239 523 in
265 490 399 534 priores,
417 501 522 534 neque
539 490 570 523 in
592 491 730 523 decanos
754 489 934 533 promoveri

207 548 372 586 poterunt.

251 605 293 628 iv.
322 595 532 627 prohibemus
564 605 693 638 quoque
722 604 764 627 ne
800 593 871 637 quis
895 594 934 626 ad

207 646 413 686 decanatum,
439 657 497 678 nec
529 646 568 678 ad
593 646 734 689 aliquem
759 645 934 688 superiori-

206 700 278 732 tatis
303 699 448 741 gradum,
474 699 599 731 etiamsi
624 699 776 731 sacerdos
794 698 833 731 ad
857 698 934 730 Con-

206 751 428 794 gregationem
452 751 587 790 venerit,
603 750 723 783 assumi
745 751 856 793 possit,
873 749 932 782 nisi

205 803 437 843 decimosexto,
462 813 521 836 nec
545 803 584 836 ad
604 813 710 835 curam
728 802 933 841 novitiorum,

204 856 264 889 nisi
283 856 498 889 decimoetavo
516 865 600 889 anno
616 855 793 899 respective
811 855 841 887 in
859 855 935 888 Con-

204 909 390 952 gregatione
409 909 583 952 completo,
602 914 636 941 ut
651 919 748 951 supra
771 908 803 940 in
829 909 934 941 deela-

203 961 322 995 ratorio
346 962 488 1004 regulae,
515 972 585 1004 cap.
610 970 675 1000 XXI,
701 971 789 993 num.
817 961 876 994 1v¹.

246 1024 277 1047 v.
304 1014 342 1047 Et
366 1024 461 1047 nemo
482 1013 513 1046 in
539 1014 682 1057 priorem
708 1019 761 1046 aut
784 1013 933 1046 abbatem

202 1067 385 1110 promoveri
403 1067 515 1110 possit,
528 1066 588 1098 nisi
604 1077 662 1109 per
677 1065 931 1109 quinquennium

203 1121 398 1164 completum
423 1119 454 1152 in
480 1120 635 1153 decanatu
656 1125 709 1152 aut
725 1119 867 1162 prioratu
884 1130 930 1151 re-

203 1172 343 1215 spective
379 1172 583 1206 laudabiliter
617 1172 748 1211 vixerit,
773 1177 871 1215 prout
898 1172 931 1204 in

202 1225 345 1268 praefato
370 1235 441 1267 cap.
468 1223 548 1264 xxt²‚
574 1235 662 1256 num.
687 1223 749 1257 xl⁸.

244 1278 450 1311 v1.-Videant
475 1282 714 1320 consequenter
746 1276 931 1310 definitores

200 1330 226 1363 si
250 1331 445 1364 monasteria
476 1330 717 1369 sacerdotibus,
744 1330 929 1362 cantoribus

200 1388 232 1416 et
262 1383 332 1416 aliis
362 1384 616 1426 quibuscumque
648 1382 815 1415 monachis
847 1382 929 1415 indi-

200 1442 316 1478 geant,
343 1441 374 1469 et
398 1445 458 1479 pro
483 1436 636 1477 qualitate
662 1434 735 1474 loci,
761 1445 928 1476 concursu,

199 1488 381 1531 frequentia
404 1488 515 1532 populi
541 1493 571 1520 et
592 1487 746 1530 dignitate
773 1488 929 1521 ecclesiae
950 1511 951 1514 η

200 1547 381 1585 opportune
421 1541 628 1584 provideant,
662 1543 788 1573 servata
825 1546 928 1574 tamen

199 1595 301 1628 forma
318 1594 438 1628 decreti
456 1604 565 1626 sacrae
580 1593 843 1635 Congregationis
855 1594 930 1626 Con-
950 1608 951 1624 ι

199 1648 263 1681 cilii
289 1648 327 1681 de
352 1645 570 1679 celebratione
597 1646 778 1685 missarum,
802 1646 854 1677 ubi
874 1647 929 1679 de-

199 1701 351 1740 cernitur,
377 1705 411 1731 ut
431 1709 601 1731 numerum
628 1699 765 1731 familiae
790 1700 929 1742 singulo-

197 1764 266 1785 rum
292 1751 581 1788 monasteriorum,
606 1751 738 1794 capituli
772 1753 951 1794 generalis}

197 1805 361 1838 sententia
403 1810 434 1836 et
471 1804 661 1836 auctoritate
700 1805 926 1847 praefinitum,

197 1855 293 1889 iidem
325 1856 520 1898 regularium
553 1856 737 1899 superiores
769 1864 928 1899 perpetuo

197 1919 324 1942 servare
350 1908 480 1940 omnino
506 1913 693 1948 teneantur,
720 1918 780 1941 nee
804 1909 929 1951 possint

197 1960 286 1994 illum
313 1960 541 2004 quoquomodo
567 1971 694 2002 augere,
715 1961 810 1993 etiam
837 1969 950 2004 prae-1

197 2019 283 2046 textu
307 2013 469 2056 augmenti
504 2013 710 2052 reddituum,
734 2014 853 2056 absque
880 2026 928 2047 sa·
949 2031 950 2036 =

197 2076 269 2099 crae
280 2066 380 2109 ipsius
396 2065 658 2107 Congregutionis
672 2066 811 2099 lieentia.
829 2066 927 2104 Quem

197 2119 324 2161 quidem
338 2128 517 2157 numerum,
531 2118 593 2150 iam
610 2118 781 2160 unicuique
801 2125 927 2151 nostrae

196 2170 460 2213 Congregationis
492 2172 689 2203 monasterio
719 2171 847 2213 capituli
875 2182 929 2213 ge-

196 2224 316 2256 neralis
348 2229 420 2256 voto
453 2229 484 2256 et
515 2224 706 2256 auctoritate
728 2224 926 2266 praefixum,

196 2276 317 2309 nemini
355 2276 450 2308 liceat
486 2277 704 2318 praelatorum
744 2283 926 2309 nostrorum

196 2329 262 2361 ullo
287 2333 382 2371 pacto
408 2328 570 2368 minuere,
595 2329 644 2361 vel
670 2339 727 2371 pro
753 2324 950 2370 cbtinenda]

198 2380 383 2413 huiusmodi
409 2381 546 2423 augendi
577 2380 705 2413 licentia
722 2381 760 2413 ad
782 2382 926 2415 eumdem

198 2442 320 2465 sacram
345 2432 635 2475 Congregationem
660 2443 838 2474 recurrere,
865 2435 926 2467 nisi

234 2512 246 2538 1
268 2511 333 2538 Male
353 2512 416 2539 edit.
437 2512 520 2539 Μαίη,
542 2512 606 2547 legit
624 2520 707 2539 num.
729 2514 743 2540 7
765 2513 803 2548 (n.
819 2513 867 2547 τ.).

234 2554 250 2581 2
270 2554 334 2582 Male
353 2556 416 2582 edit.
438 2556 515 2583 Main.
537 2557 602 2589 legit
620 2565 683 2591 cap.
703 2557 737 2584 31
759 2557 799 2591 (n.
813 2559 861 2590 τ.).

233 2598 250 2625 3
269 2598 358 2626 Potius
376 2599 433 2634 lege
453 2598 492 2620 affl
510 2601 550 2634 (n.
566 2600 614 2635 T.).

980 289 1015 312 ex
1040 279 1266 322 urgentissima
1283 284 1314 312 et
1330 280 1473 322 legitima
1494 281 1589 313 causa
1609 279 1642 312 in
1659 290 1696 313 ea

979 333 1079 374 pitulo
1111 333 1254 375 generali
1290 343 1307 366 a
1338 332 1563 366 definitoribus
1588 343 1708 376 appro-

978 385 1091 426 banda,
1109 396 1231 429 poenas
1249 386 1282 419 in
1302 386 1467 430 praedicto
1492 387 1623 420 decreto
1637 396 1708 420 con-

979 443 1081 470 tentas
1112 438 1286 472 incursuri.
1317 439 1481 472 statuatur
1504 439 1581 472 item
1607 450 1643 473 ex
1668 449 1706 472 eo

978 500 1111 523 numero
1137 496 1215 534 quot
1240 491 1370 531 decani,
1396 497 1475 535 quot
1499 492 1680 525 sacerdotes
1696 518 1704 532 ,

978 548 1056 585 quot
1091 544 1200 577 elerici
1236 544 1372 586 singulis
1408 545 1613 578 monasteriis
1642 545 1708 578 sint

977 595 1202 637 adscribendi;
1228 597 1273 629 sie
1297 597 1383 629 enim
1408 597 1463 630 siet
1493 603 1528 630 ut
1552 608 1591 631 ex
1616 602 1705 631 certo

977 647 1228 692 uniuscuiusque
1252 650 1438 682 monasterii
1469 651 1706 684 monachorum

976 710 1119 741 numero,
1145 707 1250 734 certus
1275 701 1370 734 etiam
1393 713 1547 736 numerus
1564 704 1706 736 omnium

976 751 1008 784 in
1027 753 1281 796 Congregatione
1300 756 1532 788 monachorum
1557 756 1705 789 determi-

976 811 1083 845 netur,
1111 808 1191 840 adeo
1217 812 1253 840 ut
1276 808 1411 850 singulis
1436 808 1528 841 annis
1552 819 1617 842 non
1634 810 1706 852 plu-

976 867 1026 891 res
1051 860 1163 892 novitii
1188 860 1225 893 ad
1250 861 1478 903 probationem
1496 861 1705 905 recipiantur,

976 922 1071 954 quam
1097 918 1175 956 quot
1199 913 1237 946 de
1262 914 1462 957 praescripto
1487 924 1621 947 numero
1639 915 1706 948 fue-

976 964 1040 997 rint
1064 965 1236 998 imminuti.
1262 966 1398 1009 Insuper
1428 966 1453 1000 si
1484 967 1538 1010 qui
1564 978 1601 1000 ex
1625 968 1705 1010 legi·

978 1016 1052 1049 tima
1076 1020 1169 1050 eausa
1200 1023 1312 1061 petant
1335 1023 1389 1051 aut
1411 1018 1578 1062 indigeant
1600 1025 1704 1053 muta-

977 1068 1081 1109 tione,
1106 1075 1202 1112 prout
1232 1070 1302 1102 fieri
1326 1070 1448 1114 poterit
1471 1076 1502 1104 et
1525 1071 1704 1105 definitori-

974 1122 1033 1155 bus
1058 1123 1195 1163 videtur,
1221 1123 1276 1156 fiat
1298 1123 1454 1167 provisio.

1017 1185 1072 1208 vu.
1100 1176 1147 1208 Ad
1181 1177 1325 1209 tollenda
1356 1181 1462 1209 autem
1492 1177 1643 1210 scandala
1672 1182 1704 1211 et
1730 1214 1733 1216 ,

974 1226 1200 1268 incommoda,
1227 1239 1306 1271 quae
1330 1239 1366 1261 ex
1392 1228 1613 1271 frequentibus
1637 1240 1704 1262 mo-

973 1281 1153 1313 nachorum
1196 1281 1426 1313 mutationibus
1471 1292 1702 1324 saepenumero

973 1334 1067 1366 etiam
1092 1344 1164 1366 cum
1185 1333 1362 1366 animarum
1387 1334 1581 1367 detrimento
1599 1335 1703 1368 oriun-

973 1391 1041 1425 tur,
1068 1386 1234 1418 statuimus
1268 1386 1354 1428 quod
1390 1386 1541 1418 monaehi
1573 1392 1702 1419 nostrae

972 1437 1237 1480 Congregationis
1267 1449 1332 1470 non
1364 1439 1423 1471 levi
1460 1441 1553 1471 causa
1578 1445 1703 1472 muten-

974 1497 1034 1529 tur,
1060 1491 1117 1523 scd
1143 1496 1266 1522 tanturn
1292 1501 1327 1523 ex
1357 1491 1545 1523 manifestae
1571 1491 1703 1524 infirmi-

973 1544 1045 1576 tatis
1071 1546 1179 1584 eausa,
1198 1544 1322 1586 quibus,
1340 1544 1538 1576 medicorum
1557 1544 1702 1585 consilio,

973 1597 1055 1628 aeris
1080 1596 1214 1628 mutatio
1240 1596 1436 1636 subveniret,
1464 1602 1517 1628 aut
1541 1597 1567 1628 si
1594 1598 1705 1630 liuius-

972 1650 1058 1681 modi
1084 1649 1218 1681 mututio
1245 1649 1282 1681 ad
1308 1649 1433 1681 animae
1459 1650 1592 1682 sulutem
1619 1655 1704 1682 esset

973 1701 1165 1741 necessaria,
1192 1703 1241 1735 vel
1267 1702 1329 1734 alisi
1354 1701 1439 1744 gravi
1466 1704 1562 1734 causa
1587 1713 1603 1734 a
1624 1702 1702 1734 defi-

972 1754 1130 1787 nitoribus
1150 1756 1200 1787 vel
1226 1747 1383 1797 regimine
1416 1760 1469 1786 aut
1493 1766 1510 1787 a
1535 1755 1703 1788 visitatori-

949 1829 950 1832 =
972 1807 1029 1839 bus·
1055 1807 1276 1850 app1·obaud;’i.
1303 1807 1426 1839 Mutatis
1453 1812 1570 1846 autem,
1597 1807 1702 1840 visita-

974 1865 1058 1892 tores
1083 1866 1135 1892 aut
1160 1859 1347 1892 definitores
1373 1865 1425 1892 aut
1456 1859 1617 1901 regimen,
1644 1870 1702 1902 per

973 1922 1050 1954 quos
1075 1911 1188 1943 mutari
1221 1911 1415 1953 contigerit,
1449 1912 1640 1954 provideant
1669 1917 1703 1944 ut

973 1964 1078 1996 onmia
1093 1964 1200 1996 itineri
1219 1964 1399 1996 necessaria
1411 1964 1600 2004 tribuantur,
1611 1975 1703 2007 prae-

972 2018 1093 2060 scriptu
1119 2028 1248 2060 quoque
1274 2017 1319 2049 eis
1345 2018 1401 2055 visi,
1429 2020 1491 2060 quii
1516 2017 1638 2049 directe
1663 2018 1703 2050 ad

971 2070 1163 2103 monasteria
1198 2070 1257 2102 sibi
1291 2070 1449 2112 assignata
1479 2075 1634 2112 pergant,
1661 2071 1704 2103 ita

971 2129 1004 2155 ut
1029 2123 1163 2165 vagandi
1191 2113 1323 2155 tollatur
1344 2122 1483 2161 occasio,
1512 2127 1544 2154 et
1568 2133 1704 2156 commo-

972 2176 1018 2207 dis
1044 2176 1299 2216 monachorum,
1324 2185 1385 2218 qua
1417 2175 1508 2208 decet
1538 2175 1702 2217 charitate,

970 2229 1170 2260 consulatur.

1015 2290 1082 2312 viu.
1104 2279 1292 2312 Mutationes
1308 2291 1381 2313 vero
1399 2279 1594 2323 praedictae,
1606 2290 1704 2323 quan-

972 2336 1037 2364 tuni
1063 2331 1217 2374 possibile
1236 2338 1291 2371 est,
1315 2333 1392 2364 fiunt
1416 2333 1454 2365 ad
1481 2334 1550 2365 locu
1577 2333 1704 2364 vicinio-

948 2377 950 2428 ἶ
971 2395 1004 2415 ra
1030 2389 1061 2415 et
1086 2383 1184 2425 magis
1209 2384 1403 2426 propinqua,
1431 2389 1465 2415 ut
1491 2385 1638 2426 expensis
1663 2385 1704 2416 >i-

971 2438 1033 2469 mul
1053 2443 1084 2469 et.
1105 2437 1264 2477 vagationi
1287 2437 1518 2468 monachorum
1545 2443 1702 2479 parcatur,

948 2478 1002 2528 let
1036 2499 1075 2520 ne
1112 2493 1269 2530 coguntur
1300 2489 1422 2521 diversa
1456 2490 1648 2521 uoluisterizi
1674 2495 1704 2521 et

971 2541 1113 2583 hospitia
1138 2540 1285 2572 circuire.
1306 2540 1393 2578 Quod
1421 2541 1591 2583 praecipue
1619 2542 1705 2574 cirea

971 2595 1101 2627 iuvenes
1120 2594 1317 2633 observetur,
1336 2599 1433 2637 prout
1459 2604 1555 2636 supra
1582 2594 1704 2626 ordiun-

1607 222 1672 257 365
1714 231 1766 259 An.
1782 232 1811 259 c.
1832 229 1902 259 loeo
