<?xml version="1.0" encoding="UTF-8"?>
<!DOCTYPE html PUBLIC "-//W3C//DTD XHTML 1.0 Transitional//EN"
    "http://www.w3.org/TR/xhtml1/DTD/xhtml1-transitional.dtd">
<html xmlns="http://www.w3.org/1999/xhtml" xml:lang="en" lang="en">
 <head>
  <title>
</title>
<meta http-equiv="Content-Type" content="text/html;charset=utf-8" />
  <meta name='ocr-system' content='tesseract 3.04.00' />
  <meta name='ocr-capabilities' content='ocr_page ocr_carea ocr_par ocr_line ocrx_word'/>
</head>
<body>
  <div class='ocr_page' id='page_1' title='image "./bullarumdiplomat19cath_0038.png"; bbox 0 0 2111 3157; ppageno 0'>
   <div class='ocr_carea' id='block_1_1' title="bbox 147 243 398 278">
    <p class='ocr_par' dir='ltr' id='par_1_1' title="bbox 147 243 398 278">
     <span class='ocr_line' id='line_1_1' title="bbox 147 243 398 278; baseline -0.008 0"><span class='ocrx_word' id='word_1_1' title='bbox 147 253 196 278; x_wconf 73' lang='lat' dir='ltr'>An.</span> <span class='ocrx_word' id='word_1_2' title='bbox 214 252 241 278; x_wconf 82' lang='lat' dir='ltr'>c.</span> <span class='ocrx_word' id='word_1_3' title='bbox 266 252 332 278; x_wconf 69' lang='lat'>1676</span> <span class='ocrx_word' id='word_1_4' title='bbox 377 243 398 276; x_wconf 75' lang='lat'>4</span> 
     </span>
    </p>
   </div>
   <div class='ocr_carea' id='block_1_2' title="bbox 155 2311 337 2385">
    <p class='ocr_par' dir='ltr' id='par_1_2' title="bbox 155 2311 337 2385">
     <span class='ocr_line' id='line_1_2' title="bbox 182 2311 336 2332; baseline -0.013 0"><span class='ocrx_word' id='word_1_5' title='bbox 182 2311 292 2332; x_wconf 66' lang='lat' dir='ltr'>Decretum</span> <span class='ocrx_word' id='word_1_6' title='bbox 306 2315 336 2330; x_wconf 75' lang='lat' dir='ltr'>sa-</span> 
     </span>
     <span class='ocr_line' id='line_1_3' title="bbox 155 2338 337 2363; baseline 0 -6"><span class='ocrx_word' id='word_1_7' title='bbox 155 2343 203 2357; x_wconf 72' lang='lat' dir='ltr'>erae</span> <span class='ocrx_word' id='word_1_8' title='bbox 220 2338 337 2363; x_wconf 67' lang='lat' dir='ltr'>congrega·</span> 
     </span>
     <span class='ocr_line' id='line_1_4' title="bbox 155 2367 225 2385; baseline -0.014 0"><span class='ocrx_word' id='word_1_9' title='bbox 155 2367 225 2385; x_wconf 74' lang='lat' dir='ltr'>tionis.</span> 
     </span>
    </p>
   </div>
   <div class='ocr_carea' id='block_1_3' title="bbox 339 297 1085 2668">
    <p class='ocr_par' dir='ltr' id='par_1_3' title="bbox 339 297 1085 2668">
     <span class='ocr_line' id='line_1_5' title="bbox 339 297 1073 345; baseline -0.005 -12"><span class='ocrx_word' id='word_1_10' title='bbox 339 300 657 345; x_wconf 89' lang='lat' dir='ltr'>pranumerariorum</span> <span class='ocrx_word' id='word_1_11' title='bbox 682 299 781 344; x_wconf 88' lang='lat' dir='ltr'>ipsius</span> <span class='ocrx_word' id='word_1_12' title='bbox 805 298 988 343; x_wconf 85' lang='lat' dir='ltr'>provinciae</span> <span class='ocrx_word' id='word_1_13' title='bbox 1013 297 1073 330; x_wconf 83' lang='lat' dir='ltr'>sibi</span> 
     </span>
     <span class='ocr_line' id='line_1_6' title="bbox 341 351 1076 387; baseline -0.005 -1"><span class='ocrx_word' id='word_1_14' title='bbox 341 354 379 386; x_wconf 85' lang='lat' dir='ltr'>ab</span> <span class='ocrx_word' id='word_1_15' title='bbox 405 355 466 387; x_wconf 82' lang='lat' dir='ltr'>liae</span> <span class='ocrx_word' id='word_1_16' title='bbox 499 354 613 387; x_wconf 78' lang='lat' dir='ltr'>Sancta</span> <span class='ocrx_word' id='word_1_17' title='bbox 647 353 729 386; x_wconf 85' lang='lat' dir='ltr'>Sede</span> <span class='ocrx_word' id='word_1_18' title='bbox 763 351 896 385; x_wconf 87' lang='lat' dir='ltr'>concedi</span> <span class='ocrx_word' id='word_1_19' title='bbox 927 351 1076 384; x_wconf 88' lang='lat' dir='ltr'>obtinue-</span> 
     </span>
     <span class='ocr_line' id='line_1_7' title="bbox 340 403 1075 450; baseline -0.005 -11"><span class='ocrx_word' id='word_1_20' title='bbox 340 408 405 439; x_wconf 92' lang='lat' dir='ltr'>rint</span> <span class='ocrx_word' id='word_1_21' title='bbox 438 418 500 450; x_wconf 84' lang='lat' dir='ltr'>per</span> <span class='ocrx_word' id='word_1_22' title='bbox 532 407 685 450; x_wconf 80' lang='lat' dir='ltr'>quasdam</span> <span class='ocrx_word' id='word_1_23' title='bbox 720 405 845 438; x_wconf 87' lang='lat' dir='ltr'>litteras</span> <span class='ocrx_word' id='word_1_24' title='bbox 878 403 1075 447; x_wconf 86' lang='lat' dir='ltr'>apostolicas</span> 
     </span>
     <span class='ocr_line' id='line_1_8' title="bbox 340 457 1071 499; baseline -0.007 -7"><span class='ocrx_word' id='word_1_25' title='bbox 340 460 372 491; x_wconf 89' lang='lat' dir='ltr'>in</span> <span class='ocrx_word' id='word_1_26' title='bbox 399 459 494 492; x_wconf 90' lang='lat' dir='ltr'>simili</span> <span class='ocrx_word' id='word_1_27' title='bbox 531 460 631 491; x_wconf 81' lang='lat' dir='ltr'>forma</span> <span class='ocrx_word' id='word_1_28' title='bbox 667 458 775 491; x_wconf 85' lang='lat' dir='ltr'>Brevis</span> <span class='ocrx_word' id='word_1_29' title='bbox 808 457 947 499; x_wconf 77' lang='lat' dir='ltr'>desuper</span> <span class='ocrx_word' id='word_1_30' title='bbox 972 465 1071 498; x_wconf 76' lang='lat' dir='ltr'>expe-</span> 
     </span>
     <span class='ocr_line' id='line_1_9' title="bbox 342 509 1075 553; baseline -0.007 -9"><span class='ocrx_word' id='word_1_31' title='bbox 342 512 435 551; x_wconf 81' lang='lat' dir='ltr'>ditas,</span> <span class='ocrx_word' id='word_1_32' title='bbox 463 513 495 544; x_wconf 90' lang='lat' dir='ltr'>in</span> <span class='ocrx_word' id='word_1_33' title='bbox 525 511 640 553; x_wconf 85' lang='lat' dir='ltr'>quibus</span> <span class='ocrx_word' id='word_1_34' title='bbox 672 509 819 553; x_wconf 88' lang='lat' dir='ltr'>apposita</span> <span class='ocrx_word' id='word_1_35' title='bbox 847 509 905 541; x_wconf 87' lang='lat' dir='ltr'>suit</span> <span class='ocrx_word' id='word_1_36' title='bbox 932 509 1075 541; x_wconf 75' lang='lat' dir='ltr'>clausula</span> 
     </span>
     <span class='ocr_line' id='line_1_10' title="bbox 341 560 1077 606; baseline -0.007 -10"><span class='ocrx_word' id='word_1_37' title='bbox 341 564 513 596; x_wconf 73' lang='lat' dir='ltr'>dummodo</span> <span class='ocrx_word' id='word_1_38' title='bbox 540 564 670 606; x_wconf 72' lang='lat' dir='ltr'>praevio</span> <span class='ocrx_word' id='word_1_39' title='bbox 696 564 839 606; x_wconf 63' lang='lat' dir='ltr'>rigmroso</span> <span class='ocrx_word' id='word_1_40' title='bbox 864 562 1011 594; x_wconf 65' lang='lat' dir='ltr'>examine</span> <span class='ocrx_word' id='word_1_41' title='bbox 1036 560 1077 592; x_wconf 79' lang='lat' dir='ltr'>ml</span> 
     </span>
     <span class='ocr_line' id='line_1_11' title="bbox 341 615 1077 661; baseline -0.005 -12"><span class='ocrx_word' id='word_1_42' title='bbox 341 619 376 650; x_wconf 68' lang='lat' dir='ltr'>id</span> <span class='ocrx_word' id='word_1_43' title='bbox 400 617 508 649; x_wconf 73' lang='lat' dir='ltr'>idonci</span> <span class='ocrx_word' id='word_1_44' title='bbox 530 617 769 661; x_wconf 72' lang='lat' dir='ltr'>reperirentur,</span> <span class='ocrx_word' id='word_1_45' title='bbox 798 615 940 658; x_wconf 72' lang='lat' dir='ltr'>dictique</span> <span class='ocrx_word' id='word_1_46' title='bbox 966 615 1077 646; x_wconf 83' lang='lat' dir='ltr'>fratres</span> 
     </span>
     <span class='ocr_line' id='line_1_12' title="bbox 342 667 1075 713; baseline -0.005 -11"><span class='ocrx_word' id='word_1_47' title='bbox 342 681 401 713; x_wconf 82' lang='lat' dir='ltr'>per</span> <span class='ocrx_word' id='word_1_48' title='bbox 425 670 577 702; x_wconf 88' lang='lat' dir='ltr'>iniuriam</span> <span class='ocrx_word' id='word_1_49' title='bbox 603 669 740 702; x_wconf 85' lang='lat' dir='ltr'>ministri</span> <span class='ocrx_word' id='word_1_50' title='bbox 766 668 994 713; x_wconf 83' lang='lat' dir='ltr'>provincialis,</span> <span class='ocrx_word' id='word_1_51' title='bbox 1022 667 1075 709; x_wconf 84' lang='lat' dir='ltr'>qui</span> 
     </span>
     <span class='ocr_line' id='line_1_13' title="bbox 343 719 1079 765; baseline -0.004 -12"><span class='ocrx_word' id='word_1_52' title='bbox 343 723 488 755; x_wconf 80' lang='lat' dir='ltr'>eamdem</span> <span class='ocrx_word' id='word_1_53' title='bbox 514 721 712 765; x_wconf 81' lang='lat' dir='ltr'>provinciam</span> <span class='ocrx_word' id='word_1_54' title='bbox 731 722 840 764; x_wconf 86' lang='lat' dir='ltr'>elapso</span> <span class='ocrx_word' id='word_1_55' title='bbox 862 719 1002 752; x_wconf 81' lang='lat' dir='ltr'>triennio</span> <span class='ocrx_word' id='word_1_56' title='bbox 1023 729 1079 760; x_wconf 80' lang='lat' dir='ltr'>gu-</span> 
     </span>
     <span class='ocr_line' id='line_1_14' title="bbox 341 771 1078 817; baseline -0.007 -10"><span class='ocrx_word' id='word_1_57' title='bbox 341 775 509 811; x_wconf 76' lang='lat' dir='ltr'>bernavit,</span> <span class='ocrx_word' id='word_1_58' title='bbox 532 775 564 806; x_wconf 89' lang='lat' dir='ltr'>in</span> <span class='ocrx_word' id='word_1_59' title='bbox 590 774 827 817; x_wconf 74' lang='lat' dir='ltr'>possessionem</span> <span class='ocrx_word' id='word_1_60' title='bbox 859 772 934 805; x_wconf 89' lang='lat' dir='ltr'>dicti</span> <span class='ocrx_word' id='word_1_61' title='bbox 960 771 1078 814; x_wconf 74' lang='lat' dir='ltr'>gradus</span> 
     </span>
     <span class='ocr_line' id='line_1_15' title="bbox 341 825 1079 869; baseline -0.005 -10"><span class='ocrx_word' id='word_1_62' title='bbox 341 827 458 860; x_wconf 78' lang='lat' dir='ltr'>intrusi</span> <span class='ocrx_word' id='word_1_63' title='bbox 484 827 559 867; x_wconf 88' lang='lat' dir='ltr'>sint,</span> <span class='ocrx_word' id='word_1_64' title='bbox 582 826 706 860; x_wconf 86' lang='lat' dir='ltr'>tametsi</span> <span class='ocrx_word' id='word_1_65' title='bbox 732 827 819 859; x_wconf 82' lang='lat' dir='ltr'>iuxta</span> <span class='ocrx_word' id='word_1_66' title='bbox 842 825 1079 869; x_wconf 84' lang='lat' dir='ltr'>praescriptum</span> 
     </span>
     <span class='ocr_line' id='line_1_16' title="bbox 343 879 1077 921; baseline -0.005 -9"><span class='ocrx_word' id='word_1_67' title='bbox 343 880 498 912; x_wconf 87' lang='lat' dir='ltr'>dictarum</span> <span class='ocrx_word' id='word_1_68' title='bbox 523 880 704 912; x_wconf 88' lang='lat' dir='ltr'>litterarum</span> <span class='ocrx_word' id='word_1_69' title='bbox 734 879 918 921; x_wconf 75' lang='lat' dir='ltr'>rigorosum</span> <span class='ocrx_word' id='word_1_70' title='bbox 943 887 1077 910; x_wconf 76' lang='lat' dir='ltr'>examen</span> 
     </span>
     <span class='ocr_line' id='line_1_17' title="bbox 342 930 1078 965; baseline -0.004 -1"><span class='ocrx_word' id='word_1_71' title='bbox 342 943 408 965; x_wconf 92' lang='lat' dir='ltr'>non</span> <span class='ocrx_word' id='word_1_72' title='bbox 426 933 605 965; x_wconf 84' lang='lat' dir='ltr'>subiverint</span> <span class='ocrx_word' id='word_1_73' title='bbox 626 932 804 965; x_wconf 88' lang='lat' dir='ltr'>secundum</span> <span class='ocrx_word' id='word_1_74' title='bbox 829 930 1078 964; x_wconf 77' lang='lat' dir='ltr'>constitutiones</span> 
     </span>
     <span class='ocr_line' id='line_1_18' title="bbox 342 982 1079 1028; baseline -0.007 -10"><span class='ocrx_word' id='word_1_75' title='bbox 342 985 471 1018; x_wconf 78' lang='lat' dir='ltr'>Ordinis</span> <span class='ocrx_word' id='word_1_76' title='bbox 486 985 644 1028; x_wconf 76' lang='lat' dir='ltr'>praedicti</span> <span class='ocrx_word' id='word_1_77' title='bbox 663 996 680 1017; x_wconf 92' lang='lat' dir='ltr'>a</span> <span class='ocrx_word' id='word_1_78' title='bbox 693 984 885 1017; x_wconf 76' lang='lat' dir='ltr'>recolendae</span> <span class='ocrx_word' id='word_1_79' title='bbox 903 982 1079 1015; x_wconf 82' lang='lat' dir='ltr'>memoriae</span> 
     </span>
     <span class='ocr_line' id='line_1_19' title="bbox 342 1036 1078 1080; baseline -0.007 -10"><span class='ocrx_word' id='word_1_80' title='bbox 342 1038 526 1070; x_wconf 77' lang='lat' dir='ltr'>Alexandro</span> <span class='ocrx_word' id='word_1_81' title='bbox 551 1038 636 1080; x_wconf 81' lang='lat' dir='ltr'>Papa</span> <span class='ocrx_word' id='word_1_82' title='bbox 666 1037 716 1069; x_wconf 56' lang='lat' dir='ltr'>Vll</span> <span class='ocrx_word' id='word_1_83' title='bbox 749 1036 999 1079; x_wconf 71' lang='lat' dir='ltr'>praedecessore</span> <span class='ocrx_word' id='word_1_84' title='bbox 1025 1044 1078 1076; x_wconf 88' lang='lat' dir='ltr'>pa-</span> 
     </span>
     <span class='ocr_line' id='line_1_20' title="bbox 342 1086 1080 1131; baseline -0.007 -9"><span class='ocrx_word' id='word_1_85' title='bbox 342 1090 423 1122; x_wconf 86' lang='lat' dir='ltr'>riter</span> <span class='ocrx_word' id='word_1_86' title='bbox 447 1095 559 1123; x_wconf 86' lang='lat' dir='ltr'>nostro</span> <span class='ocrx_word' id='word_1_87' title='bbox 585 1090 617 1121; x_wconf 96' lang='lat' dir='ltr'>in</span> <span class='ocrx_word' id='word_1_88' title='bbox 642 1090 747 1121; x_wconf 78' lang='lat' dir='ltr'>forma</span> <span class='ocrx_word' id='word_1_89' title='bbox 779 1088 931 1131; x_wconf 75' lang='lat' dir='ltr'>specifica</span> <span class='ocrx_word' id='word_1_90' title='bbox 964 1086 1080 1118; x_wconf 83' lang='lat' dir='ltr'>contir-</span> 
     </span>
     <span class='ocr_line' id='line_1_21' title="bbox 342 1139 1079 1183; baseline -0.007 -8"><span class='ocrx_word' id='word_1_91' title='bbox 342 1148 443 1175; x_wconf 86' lang='lat' dir='ltr'>matas</span> <span class='ocrx_word' id='word_1_92' title='bbox 459 1169 466 1182; x_wconf 84' lang='lat'>,</span> <span class='ocrx_word' id='word_1_93' title='bbox 494 1143 525 1175; x_wconf 86' lang='lat' dir='ltr'>id</span> <span class='ocrx_word' id='word_1_94' title='bbox 550 1152 626 1175; x_wconf 87' lang='lat' dir='ltr'>vero</span> <span class='ocrx_word' id='word_1_95' title='bbox 651 1142 683 1174; x_wconf 90' lang='lat' dir='ltr'>in</span> <span class='ocrx_word' id='word_1_96' title='bbox 713 1151 863 1183; x_wconf 74' lang='lat' dir='ltr'>magnum</span> <span class='ocrx_word' id='word_1_97' title='bbox 896 1139 1079 1182; x_wconf 87' lang='lat' dir='ltr'>provinciae</span> 
     </span>
     <span class='ocr_line' id='line_1_22' title="bbox 343 1193 1078 1238; baseline -0.008 -10"><span class='ocrx_word' id='word_1_98' title='bbox 343 1196 506 1238; x_wconf 74' lang='lat' dir='ltr'>praefatae</span> <span class='ocrx_word' id='word_1_99' title='bbox 531 1194 766 1238; x_wconf 85' lang='lat' dir='ltr'>praeiudicium</span> <span class='ocrx_word' id='word_1_100' title='bbox 792 1199 823 1226; x_wconf 86' lang='lat' dir='ltr'>et</span> <span class='ocrx_word' id='word_1_101' title='bbox 847 1193 1007 1231; x_wconf 79' lang='lat' dir='ltr'>dedecus,</span> <span class='ocrx_word' id='word_1_102' title='bbox 1031 1197 1078 1229; x_wconf 87' lang='lat' dir='ltr'>et,</span> 
     </span>
     <span class='ocr_line' id='line_1_23' title="bbox 344 1246 1081 1290; baseline -0.007 -10"><span class='ocrx_word' id='word_1_103' title='bbox 344 1248 429 1290; x_wconf 88' lang='lat' dir='ltr'>quod</span> <span class='ocrx_word' id='word_1_104' title='bbox 455 1248 597 1280; x_wconf 84' lang='lat' dir='ltr'>deterius</span> <span class='ocrx_word' id='word_1_105' title='bbox 623 1252 687 1287; x_wconf 85' lang='lat' dir='ltr'>est,</span> <span class='ocrx_word' id='word_1_106' title='bbox 714 1247 746 1278; x_wconf 94' lang='lat' dir='ltr'>in</span> <span class='ocrx_word' id='word_1_107' title='bbox 773 1246 912 1288; x_wconf 82' lang='lat' dir='ltr'>aliquem</span> <span class='ocrx_word' id='word_1_108' title='bbox 937 1249 1081 1276; x_wconf 88' lang='lat' dir='ltr'>coutem-</span> 
     </span>
     <span class='ocr_line' id='line_1_24' title="bbox 343 1297 1081 1343; baseline -0.005 -11"><span class='ocrx_word' id='word_1_109' title='bbox 343 1307 434 1343; x_wconf 88' lang='lat' dir='ltr'>ptum</span> <span class='ocrx_word' id='word_1_110' title='bbox 453 1307 484 1333; x_wconf 89' lang='lat' dir='ltr'>et</span> <span class='ocrx_word' id='word_1_111' title='bbox 508 1301 695 1333; x_wconf 82' lang='lat' dir='ltr'>illusionem</span> <span class='ocrx_word' id='word_1_112' title='bbox 719 1300 933 1342; x_wconf 79' lang='lat' dir='ltr'>praefatarum</span> <span class='ocrx_word' id='word_1_113' title='bbox 958 1297 1081 1330; x_wconf 85' lang='lat' dir='ltr'>littera-</span> 
     </span>
     <span class='ocr_line' id='line_1_25' title="bbox 344 1349 1079 1396; baseline -0.005 -11"><span class='ocrx_word' id='word_1_114' title='bbox 344 1364 414 1385; x_wconf 91' lang='lat' dir='ltr'>rum</span> <span class='ocrx_word' id='word_1_115' title='bbox 439 1353 690 1396; x_wconf 87' lang='lat' dir='ltr'>apostolicarum</span> <span class='ocrx_word' id='word_1_116' title='bbox 716 1352 819 1391; x_wconf 86' lang='lat' dir='ltr'>cedat,</span> <span class='ocrx_word' id='word_1_117' title='bbox 840 1361 911 1382; x_wconf 91' lang='lat' dir='ltr'>cum</span> <span class='ocrx_word' id='word_1_118' title='bbox 932 1350 976 1389; x_wconf 88' lang='lat' dir='ltr'>id,</span> <span class='ocrx_word' id='word_1_119' title='bbox 996 1349 1079 1391; x_wconf 82' lang='lat' dir='ltr'>quod</span> 
     </span>
     <span class='ocr_line' id='line_1_26' title="bbox 344 1402 1079 1445; baseline -0.007 -7"><span class='ocrx_word' id='word_1_120' title='bbox 344 1412 409 1438; x_wconf 88' lang='lat' dir='ltr'>tam</span> <span class='ocrx_word' id='word_1_121' title='bbox 433 1407 514 1439; x_wconf 85' lang='lat' dir='ltr'>iuste</span> <span class='ocrx_word' id='word_1_122' title='bbox 540 1411 572 1438; x_wconf 89' lang='lat' dir='ltr'>et</span> <span class='ocrx_word' id='word_1_123' title='bbox 596 1405 835 1438; x_wconf 79' lang='lat' dir='ltr'>rationabiliter</span> <span class='ocrx_word' id='word_1_124' title='bbox 867 1414 925 1445; x_wconf 87' lang='lat' dir='ltr'>per</span> <span class='ocrx_word' id='word_1_125' title='bbox 950 1402 1079 1435; x_wconf 86' lang='lat' dir='ltr'>easdem</span> 
     </span>
     <span class='ocr_line' id='line_1_27' title="bbox 344 1456 1079 1501; baseline -0.007 -10"><span class='ocrx_word' id='word_1_126' title='bbox 344 1460 466 1491; x_wconf 83' lang='lat' dir='ltr'>litteras</span> <span class='ocrx_word' id='word_1_127' title='bbox 490 1458 709 1501; x_wconf 87' lang='lat' dir='ltr'>praecipitur,</span> <span class='ocrx_word' id='word_1_128' title='bbox 743 1467 808 1489; x_wconf 87' lang='lat' dir='ltr'>non</span> <span class='ocrx_word' id='word_1_129' title='bbox 834 1457 873 1488; x_wconf 85' lang='lat' dir='ltr'>sit</span> <span class='ocrx_word' id='word_1_130' title='bbox 898 1456 1079 1498; x_wconf 70' lang='lat' dir='ltr'>impletum)</span> 
     </span>
     <span class='ocr_line' id='line_1_28' title="bbox 344 1507 1079 1550; baseline -0.007 -7"><span class='ocrx_word' id='word_1_131' title='bbox 344 1512 430 1545; x_wconf 88' lang='lat' dir='ltr'>idem</span> <span class='ocrx_word' id='word_1_132' title='bbox 466 1512 642 1544; x_wconf 88' lang='lat' dir='ltr'>modernus</span> <span class='ocrx_word' id='word_1_133' title='bbox 681 1509 829 1542; x_wconf 80' lang='lat' dir='ltr'>minister</span> <span class='ocrx_word' id='word_1_134' title='bbox 869 1507 1079 1550; x_wconf 79' lang='lat' dir='ltr'>provincialis</span> 
     </span>
     <span class='ocr_line' id='line_1_29' title="bbox 345 1560 1080 1607; baseline -0.007 -11"><span class='ocrx_word' id='word_1_135' title='bbox 345 1564 520 1607; x_wconf 89' lang='lat' dir='ltr'>plurimum</span> <span class='ocrx_word' id='word_1_136' title='bbox 539 1563 687 1606; x_wconf 87' lang='lat' dir='ltr'>cupiebat</span> <span class='ocrx_word' id='word_1_137' title='bbox 701 1562 876 1605; x_wconf 75' lang='lat' dir='ltr'>apostolica</span> <span class='ocrx_word' id='word_1_138' title='bbox 891 1560 1080 1593; x_wconf 87' lang='lat' dir='ltr'>auctoritate</span> 
     </span>
     <span class='ocr_line' id='line_1_30' title="bbox 345 1613 1081 1660; baseline -0.007 -11"><span class='ocrx_word' id='word_1_139' title='bbox 345 1617 489 1660; x_wconf 83' lang='lat' dir='ltr'>praecipi</span> <span class='ocrx_word' id='word_1_140' title='bbox 506 1622 540 1649; x_wconf 88' lang='lat' dir='ltr'>ut</span> <span class='ocrx_word' id='word_1_141' title='bbox 560 1617 636 1649; x_wconf 87' lang='lat' dir='ltr'>dicti</span> <span class='ocrx_word' id='word_1_142' title='bbox 658 1617 781 1655; x_wconf 81' lang='lat' dir='ltr'>fratres,</span> <span class='ocrx_word' id='word_1_143' title='bbox 803 1614 945 1646; x_wconf 83' lang='lat' dir='ltr'>indebite</span> <span class='ocrx_word' id='word_1_144' title='bbox 966 1613 997 1644; x_wconf 95' lang='lat' dir='ltr'>in</span> <span class='ocrx_word' id='word_1_145' title='bbox 1017 1623 1081 1654; x_wconf 78' lang='lat' dir='ltr'>gra-</span> 
     </span>
     <span class='ocr_line' id='line_1_31' title="bbox 346 1665 1077 1712; baseline -0.008 -10"><span class='ocrx_word' id='word_1_146' title='bbox 346 1670 420 1702; x_wconf 89' lang='lat' dir='ltr'>dum</span> <span class='ocrx_word' id='word_1_147' title='bbox 446 1670 647 1712; x_wconf 84' lang='lat' dir='ltr'>praedictum</span> <span class='ocrx_word' id='word_1_148' title='bbox 673 1668 829 1700; x_wconf 86' lang='lat' dir='ltr'>haetenus</span> <span class='ocrx_word' id='word_1_149' title='bbox 855 1666 989 1705; x_wconf 85' lang='lat' dir='ltr'>intrusi,</span> <span class='ocrx_word' id='word_1_150' title='bbox 1017 1665 1077 1696; x_wconf 91' lang='lat' dir='ltr'>im-</span> 
     </span>
     <span class='ocr_line' id='line_1_32' title="bbox 345 1717 1080 1765; baseline -0.008 -11"><span class='ocrx_word' id='word_1_151' title='bbox 345 1723 457 1765; x_wconf 87' lang='lat' dir='ltr'>pleant</span> <span class='ocrx_word' id='word_1_152' title='bbox 470 1721 691 1754; x_wconf 89' lang='lat' dir='ltr'>conditionem</span> <span class='ocrx_word' id='word_1_153' title='bbox 705 1721 738 1752; x_wconf 92' lang='lat' dir='ltr'>in</span> <span class='ocrx_word' id='word_1_154' title='bbox 758 1719 950 1762; x_wconf 87' lang='lat' dir='ltr'>supradictis</span> <span class='ocrx_word' id='word_1_155' title='bbox 964 1717 1080 1750; x_wconf 82' lang='lat' dir='ltr'>litteris</span> 
     </span>
     <span class='ocr_line' id='line_1_33' title="bbox 346 1773 1082 1817; baseline -0.007 -10"><span class='ocrx_word' id='word_1_156' title='bbox 346 1774 533 1817; x_wconf 82' lang='lat' dir='ltr'>apostolicis</span> <span class='ocrx_word' id='word_1_157' title='bbox 564 1774 743 1817; x_wconf 85' lang='lat' dir='ltr'>appositam</span> <span class='ocrx_word' id='word_1_158' title='bbox 772 1773 811 1805; x_wconf 89' lang='lat' dir='ltr'>de</span> <span class='ocrx_word' id='word_1_159' title='bbox 836 1773 983 1814; x_wconf 76' lang='lat' dir='ltr'>rigoroso</span> <span class='ocrx_word' id='word_1_160' title='bbox 1009 1781 1082 1803; x_wconf 76' lang='lat' dir='ltr'>exa-</span> 
     </span>
     <span class='ocr_line' id='line_1_34' title="bbox 346 1824 1080 1870; baseline -0.007 -10"><span class='ocrx_word' id='word_1_161' title='bbox 346 1828 444 1868; x_wconf 86' lang='lat' dir='ltr'>mine,</span> <span class='ocrx_word' id='word_1_162' title='bbox 462 1828 619 1870; x_wconf 86' lang='lat' dir='ltr'>illudque,</span> <span class='ocrx_word' id='word_1_163' title='bbox 637 1827 722 1859; x_wconf 87' lang='lat' dir='ltr'>intra</span> <span class='ocrx_word' id='word_1_164' title='bbox 741 1836 897 1864; x_wconf 85' lang='lat' dir='ltr'>inensem,</span> <span class='ocrx_word' id='word_1_165' title='bbox 915 1825 962 1857; x_wconf 80' lang='lat' dir='ltr'>vel</span> <span class='ocrx_word' id='word_1_166' title='bbox 983 1824 1080 1856; x_wconf 84' lang='lat' dir='ltr'>alium</span> 
     </span>
     <span class='ocr_line' id='line_1_35' title="bbox 346 1877 1082 1921; baseline -0.005 -9"><span class='ocrx_word' id='word_1_167' title='bbox 346 1881 520 1913; x_wconf 86' lang='lat' dir='ltr'>terminum</span> <span class='ocrx_word' id='word_1_168' title='bbox 538 1881 643 1913; x_wconf 88' lang='lat' dir='ltr'>dictae</span> <span class='ocrx_word' id='word_1_169' title='bbox 667 1878 915 1921; x_wconf 78' lang='lat' dir='ltr'>Congregationi</span> <span class='ocrx_word' id='word_1_170' title='bbox 936 1877 1082 1910; x_wconf 88' lang='lat' dir='ltr'>cardina-</span> 
     </span>
     <span class='ocr_line' id='line_1_36' title="bbox 346 1931 1082 1977; baseline -0.007 -11"><span class='ocrx_word' id='word_1_171' title='bbox 346 1933 424 1966; x_wconf 88' lang='lat' dir='ltr'>lium</span> <span class='ocrx_word' id='word_1_172' title='bbox 450 1933 650 1977; x_wconf 82' lang='lat' dir='ltr'>benevisum,</span> <span class='ocrx_word' id='word_1_173' title='bbox 665 1933 802 1964; x_wconf 84' lang='lat' dir='ltr'>subeant</span> <span class='ocrx_word' id='word_1_174' title='bbox 820 1932 852 1963; x_wconf 91' lang='lat' dir='ltr'>in</span> <span class='ocrx_word' id='word_1_175' title='bbox 873 1931 974 1963; x_wconf 78' lang='lat' dir='ltr'>forma</span> <span class='ocrx_word' id='word_1_176' title='bbox 991 1939 1082 1972; x_wconf 89' lang='lat' dir='ltr'>prae-</span> 
     </span>
     <span class='ocr_line' id='line_1_37' title="bbox 347 1983 1082 2029; baseline -0.007 -10"><span class='ocrx_word' id='word_1_177' title='bbox 347 1987 467 2029; x_wconf 73' lang='lat' dir='ltr'>scripta</span> <span class='ocrx_word' id='word_1_178' title='bbox 498 1997 515 2019; x_wconf 87' lang='lat' dir='ltr'>a</span> <span class='ocrx_word' id='word_1_179' title='bbox 544 1986 638 2019; x_wconf 87' lang='lat' dir='ltr'>dictis</span> <span class='ocrx_word' id='word_1_180' title='bbox 673 1983 978 2023; x_wconf 83' lang='lat' dir='ltr'>constitutionibus,</span> <span class='ocrx_word' id='word_1_181' title='bbox 1003 1983 1082 2015; x_wconf 77' lang='lat' dir='ltr'>alias</span> 
     </span>
     <span class='ocr_line' id='line_1_38' title="bbox 348 2036 1081 2083; baseline -0.005 -12"><span class='ocrx_word' id='word_1_182' title='bbox 348 2039 481 2072; x_wconf 91' lang='lat' dir='ltr'>omnino</span> <span class='ocrx_word' id='word_1_183' title='bbox 501 2049 519 2071; x_wconf 81' lang='lat' dir='ltr'>a</span> <span class='ocrx_word' id='word_1_184' title='bbox 536 2039 703 2083; x_wconf 84' lang='lat' dir='ltr'>praedicto</span> <span class='ocrx_word' id='word_1_185' title='bbox 728 2037 828 2080; x_wconf 82' lang='lat' dir='ltr'>gradu</span> <span class='ocrx_word' id='word_1_186' title='bbox 853 2036 1081 2079; x_wconf 83' lang='lat' dir='ltr'>magistrorum</span> 
     </span>
     <span class='ocr_line' id='line_1_39' title="bbox 347 2091 1079 2136; baseline -0.008 -10"><span class='ocrx_word' id='word_1_187' title='bbox 347 2098 507 2136; x_wconf 83' lang='lat' dir='ltr'>tamquam</span> <span class='ocrx_word' id='word_1_188' title='bbox 522 2092 666 2125; x_wconf 87' lang='lat' dir='ltr'>indebite</span> <span class='ocrx_word' id='word_1_189' title='bbox 684 2101 833 2135; x_wconf 88' lang='lat' dir='ltr'>possesso</span> <span class='ocrx_word' id='word_1_190' title='bbox 852 2091 1079 2123; x_wconf 83' lang='lat' dir='ltr'>exturbentur:</span> 
     </span>
     <span class='ocr_line' id='line_1_40' title="bbox 347 2142 1082 2188; baseline -0.007 -10"><span class='ocrx_word' id='word_1_191' title='bbox 347 2146 507 2178; x_wconf 82' lang='lat' dir='ltr'>emanavit</span> <span class='ocrx_word' id='word_1_192' title='bbox 539 2146 578 2178; x_wconf 89' lang='lat' dir='ltr'>ad</span> <span class='ocrx_word' id='word_1_193' title='bbox 613 2144 884 2188; x_wconf 82' lang='lat' dir='ltr'>supplicationem</span> <span class='ocrx_word' id='word_1_194' title='bbox 917 2142 993 2174; x_wconf 89' lang='lat' dir='ltr'>dicti</span> <span class='ocrx_word' id='word_1_195' title='bbox 1018 2152 1082 2174; x_wconf 90' lang='lat' dir='ltr'>mo-</span> 
     </span>
     <span class='ocr_line' id='line_1_41' title="bbox 348 2196 1080 2241; baseline -0.007 -9"><span class='ocrx_word' id='word_1_196' title='bbox 348 2200 440 2232; x_wconf 90' lang='lat' dir='ltr'>derni</span> <span class='ocrx_word' id='word_1_197' title='bbox 472 2199 611 2232; x_wconf 90' lang='lat' dir='ltr'>ministri</span> <span class='ocrx_word' id='word_1_198' title='bbox 647 2198 854 2241; x_wconf 87' lang='lat' dir='ltr'>provincialis</span> <span class='ocrx_word' id='word_1_199' title='bbox 892 2197 932 2229; x_wconf 90' lang='lat' dir='ltr'>ab</span> <span class='ocrx_word' id='word_1_200' title='bbox 969 2196 1080 2228; x_wconf 75' lang='lat' dir='ltr'>eadem</span> 
     </span>
     <span class='ocr_line' id='line_1_42' title="bbox 348 2250 1082 2293; baseline -0.007 -9"><span class='ocrx_word' id='word_1_201' title='bbox 348 2251 560 2284; x_wconf 84' lang='lat' dir='ltr'>cardinalium</span> <span class='ocrx_word' id='word_1_202' title='bbox 578 2251 838 2293; x_wconf 70' lang='lat' dir='ltr'>Congregatione</span> <span class='ocrx_word' id='word_1_203' title='bbox 856 2250 1022 2282; x_wconf 85' lang='lat' dir='ltr'>decretum</span> <span class='ocrx_word' id='word_1_204' title='bbox 1042 2252 1082 2280; x_wconf 90' lang='lat' dir='ltr'>te-</span> 
     </span>
     <span class='ocr_line' id='line_1_43' title="bbox 348 2301 1083 2348; baseline -0.007 -10"><span class='ocrx_word' id='word_1_205' title='bbox 348 2305 438 2338; x_wconf 85' lang='lat' dir='ltr'>noris</span> <span class='ocrx_word' id='word_1_206' title='bbox 465 2305 518 2348; x_wconf 84' lang='lat' dir='ltr'>qui</span> <span class='ocrx_word' id='word_1_207' title='bbox 544 2305 712 2347; x_wconf 87' lang='lat' dir='ltr'>sequitur,</span> <span class='ocrx_word' id='word_1_208' title='bbox 743 2303 914 2336; x_wconf 84' lang='lat' dir='ltr'>videlicet:</span> <span class='ocrx_word' id='word_1_209' title='bbox 947 2314 959 2333; x_wconf 72' lang='lat' dir='ltr'>&lt;t</span> <span class='ocrx_word' id='word_1_210' title='bbox 987 2301 1083 2334; x_wconf 89' lang='lat' dir='ltr'>Sacra</span> 
     </span>
     <span class='ocr_line' id='line_1_44' title="bbox 348 2353 1080 2401; baseline -0.01 -9"><span class='ocrx_word' id='word_1_211' title='bbox 348 2358 562 2401; x_wconf 78' lang='lat' dir='ltr'>Congregatio</span> <span class='ocrx_word' id='word_1_212' title='bbox 589 2357 921 2390; x_wconf 82' lang='lat' dir='ltr'>eminentissimorum</span> <span class='ocrx_word' id='word_1_213' title='bbox 940 2355 970 2387; x_wconf 83' lang='lat' dir='ltr'>S.</span> <span class='ocrx_word' id='word_1_214' title='bbox 989 2354 1026 2386; x_wconf 80' lang='lat' dir='ltr'>R.</span> <span class='ocrx_word' id='word_1_215' title='bbox 1045 2353 1080 2386; x_wconf 82' lang='lat' dir='ltr'>E.</span> 
     </span>
     <span class='ocr_line' id='line_1_45' title="bbox 349 2407 1083 2453; baseline -0.007 -9"><span class='ocrx_word' id='word_1_216' title='bbox 349 2411 561 2445; x_wconf 84' lang='lat' dir='ltr'>cardinalium</span> <span class='ocrx_word' id='word_1_217' title='bbox 578 2410 722 2453; x_wconf 83' lang='lat' dir='ltr'>negociis</span> <span class='ocrx_word' id='word_1_218' title='bbox 742 2415 774 2442; x_wconf 84' lang='lat' dir='ltr'>ct</span> <span class='ocrx_word' id='word_1_219' title='bbox 792 2407 1083 2442; x_wconf 85' lang='lat' dir='ltr'>consultationibus</span> 
     </span>
     <span class='ocr_line' id='line_1_46' title="bbox 349 2460 1081 2508; baseline -0.01 -10"><span class='ocrx_word' id='word_1_220' title='bbox 349 2465 578 2508; x_wconf 87' lang='lat' dir='ltr'>episcoporum</span> <span class='ocrx_word' id='word_1_221' title='bbox 603 2468 634 2495; x_wconf 87' lang='lat' dir='ltr'>et</span> <span class='ocrx_word' id='word_1_222' title='bbox 657 2462 855 2505; x_wconf 80' lang='lat' dir='ltr'>regularium</span> <span class='ocrx_word' id='word_1_223' title='bbox 883 2460 1081 2504; x_wconf 86' lang='lat' dir='ltr'>praeposita,</span> 
     </span>
     <span class='ocr_line' id='line_1_47' title="bbox 350 2514 1083 2560; baseline -0.007 -10"><span class='ocrx_word' id='word_1_224' title='bbox 350 2518 460 2551; x_wconf 88' lang='lat' dir='ltr'>audito</span> <span class='ocrx_word' id='word_1_225' title='bbox 485 2522 577 2560; x_wconf 84' lang='lat' dir='ltr'>patre</span> <span class='ocrx_word' id='word_1_226' title='bbox 601 2520 812 2559; x_wconf 87' lang='lat' dir='ltr'>procuratore</span> <span class='ocrx_word' id='word_1_227' title='bbox 838 2514 984 2557; x_wconf 85' lang='lat' dir='ltr'>generali</span> <span class='ocrx_word' id='word_1_228' title='bbox 1006 2524 1083 2556; x_wconf 90' lang='lat' dir='ltr'>pro—</span> 
     </span>
     <span class='ocr_line' id='line_1_48' title="bbox 349 2568 1084 2610; baseline -0.007 -6"><span class='ocrx_word' id='word_1_229' title='bbox 349 2572 473 2604; x_wconf 82' lang='lat' dir='ltr'>vinciae</span> <span class='ocrx_word' id='word_1_230' title='bbox 487 2570 680 2610; x_wconf 82' lang='lat' dir='ltr'>Lusitaniae,</span> <span class='ocrx_word' id='word_1_231' title='bbox 697 2575 727 2601; x_wconf 87' lang='lat' dir='ltr'>et</span> <span class='ocrx_word' id='word_1_232' title='bbox 744 2571 865 2602; x_wconf 74' lang='lat' dir='ltr'>attenta</span> <span class='ocrx_word' id='word_1_233' title='bbox 889 2568 1084 2601; x_wconf 83' lang='lat' dir='ltr'>remissione</span> 
     </span>
     <span class='ocr_line' id='line_1_49' title="bbox 350 2622 1085 2668; baseline -0.008 -9"><span class='ocrx_word' id='word_1_234' title='bbox 350 2626 453 2660; x_wconf 84' lang='lat' dir='ltr'>libelli</span> <span class='ocrx_word' id='word_1_235' title='bbox 479 2635 538 2668; x_wconf 85' lang='lat' dir='ltr'>per</span> <span class='ocrx_word' id='word_1_236' title='bbox 562 2623 799 2657; x_wconf 81' lang='lat' dir='ltr'>sanctissimum</span> <span class='ocrx_word' id='word_1_237' title='bbox 831 2622 995 2655; x_wconf 89' lang='lat' dir='ltr'>dominum</span> <span class='ocrx_word' id='word_1_238' title='bbox 1028 2631 1085 2654; x_wconf 92' lang='lat' dir='ltr'>no-</span> 
     </span>
    </p>
   </div>
   <div class='ocr_carea' id='block_1_4' title="bbox 928 248 1280 273">
    <p class='ocr_par' dir='ltr' id='par_1_4' title="bbox 928 248 1280 273">
     <span class='ocr_line' id='line_1_50' title="bbox 928 248 1280 273; baseline -0.003 0"><span class='ocrx_word' id='word_1_239' title='bbox 928 248 1107 273; x_wconf 70' lang='lat' dir='ltr'>BULLMut&#39;M</span> <span class='ocrx_word' id='word_1_240' title='bbox 1131 248 1280 273; x_wconf 67' lang='lat' dir='ltr'><strong>ROMANUM</strong></span> 
     </span>
    </p>
   </div>
   <div class='ocr_carea' id='block_1_5' title="bbox 1098 1137 1107 2358">
    <p class='ocr_par' dir='ltr' id='par_1_5' title="bbox 1098 1137 1107 2358">
     <span class='ocr_line' id='line_1_51' title="bbox 1098 1137 1107 2358; baseline 0 0"><span class='ocrx_word' id='word_1_241' title='bbox 1098 1137 1107 2358; x_wconf 95' lang='lat' dir='ltr'> </span> 
     </span>
    </p>
   </div>
   <div class='ocr_carea' id='block_1_6' title="bbox 1118 240 2054 2603">
    <p class='ocr_par' dir='ltr' id='par_1_6' title="bbox 1118 240 2045 813">
     <span class='ocr_line' id='line_1_52' title="bbox 1859 240 2045 272; baseline 0.011 -2"><span class='ocrx_word' id='word_1_242' title='bbox 1859 243 1908 271; x_wconf 79' lang='lat' dir='ltr'>An.</span> <span class='ocrx_word' id='word_1_243' title='bbox 1925 242 1954 270; x_wconf 87' lang='lat' dir='ltr'>C.</span> <span class='ocrx_word' id='word_1_244' title='bbox 1976 240 2045 272; x_wconf 75' lang='lat'>1676</span> 
     </span>
     <span class='ocr_line' id='line_1_53' title="bbox 1118 293 1854 338; baseline -0.004 -9"><span class='ocrx_word' id='word_1_245' title='bbox 1118 302 1220 329; x_wconf 89' lang='lat' dir='ltr'>strum</span> <span class='ocrx_word' id='word_1_246' title='bbox 1248 297 1336 335; x_wconf 71' lang='lat' dir='ltr'>saeta,</span> <span class='ocrx_word' id='word_1_247' title='bbox 1359 294 1483 329; x_wconf 87' lang='lat' dir='ltr'>censuit</span> <span class='ocrx_word' id='word_1_248' title='bbox 1508 293 1757 338; x_wconf 82' lang='lat' dir='ltr'>suprascriptam</span> <span class='ocrx_word' id='word_1_249' title='bbox 1779 301 1854 327; x_wconf 88' lang='lat' dir='ltr'>con-</span> 
     </span>
     <span class='ocr_line' id='line_1_54' title="bbox 1119 346 1853 390; baseline -0.004 -9"><span class='ocrx_word' id='word_1_250' title='bbox 1119 349 1271 382; x_wconf 88' lang='lat' dir='ltr'>ditionem</span> <span class='ocrx_word' id='word_1_251' title='bbox 1287 349 1324 381; x_wconf 82' lang='lat' dir='ltr'>de</span> <span class='ocrx_word' id='word_1_252' title='bbox 1339 348 1485 390; x_wconf 75' lang='lat' dir='ltr'>rigoroso</span> <span class='ocrx_word' id='word_1_253' title='bbox 1500 347 1656 384; x_wconf 75' lang='lat' dir='ltr'>examine,</span> <span class='ocrx_word' id='word_1_254' title='bbox 1671 346 1853 390; x_wconf 83' lang='lat' dir='ltr'>appositam</span> 
     </span>
     <span class='ocr_line' id='line_1_55' title="bbox 1118 398 1853 445; baseline -0.005 -11"><span class='ocrx_word' id='word_1_255' title='bbox 1118 401 1150 434; x_wconf 93' lang='lat' dir='ltr'>in</span> <span class='ocrx_word' id='word_1_256' title='bbox 1165 402 1308 445; x_wconf 78' lang='lat' dir='ltr'>praefato</span> <span class='ocrx_word' id='word_1_257' title='bbox 1323 400 1413 434; x_wconf 85' lang='lat' dir='ltr'>Brevi</span> <span class='ocrx_word' id='word_1_258' title='bbox 1428 400 1618 443; x_wconf 76' lang='lat' dir='ltr'>apostolico,</span> <span class='ocrx_word' id='word_1_259' title='bbox 1631 409 1701 432; x_wconf 86' lang='lat' dir='ltr'>esse</span> <span class='ocrx_word' id='word_1_260' title='bbox 1719 398 1853 431; x_wconf 88' lang='lat' dir='ltr'>omnino</span> 
     </span>
     <span class='ocr_line' id='line_1_56' title="bbox 1119 451 1855 496; baseline -0.004 -10"><span class='ocrx_word' id='word_1_261' title='bbox 1119 460 1151 487; x_wconf 88' lang='lat' dir='ltr'>et</span> <span class='ocrx_word' id='word_1_262' title='bbox 1168 455 1312 496; x_wconf 71' lang='lat' dir='ltr'>rigorose</span> <span class='ocrx_word' id='word_1_263' title='bbox 1331 454 1369 486; x_wconf 89' lang='lat' dir='ltr'>ad</span> <span class='ocrx_word' id='word_1_264' title='bbox 1395 452 1627 496; x_wconf 84' lang='lat' dir='ltr'>praescriptum</span> <span class='ocrx_word' id='word_1_265' title='bbox 1653 451 1855 484; x_wconf 87' lang='lat' dir='ltr'>constitutio-</span> 
     </span>
     <span class='ocr_line' id='line_1_57' title="bbox 1119 506 1854 548; baseline -0.004 -8"><span class='ocrx_word' id='word_1_266' title='bbox 1119 507 1184 540; x_wconf 87' lang='lat' dir='ltr'>nis¹</span> <span class='ocrx_word' id='word_1_267' title='bbox 1209 507 1337 539; x_wconf 87' lang='lat' dir='ltr'>Ordinis</span> <span class='ocrx_word' id='word_1_268' title='bbox 1362 506 1606 545; x_wconf 85' lang='lat' dir='ltr'>observandam,</span> <span class='ocrx_word' id='word_1_269' title='bbox 1633 509 1730 548; x_wconf 83' lang='lat' dir='ltr'>prout</span> <span class='ocrx_word' id='word_1_270' title='bbox 1754 515 1854 547; x_wconf 86' lang='lat' dir='ltr'>prae-</span> 
     </span>
     <span class='ocr_line' id='line_1_58' title="bbox 1119 556 1855 592; baseline -0.004 0"><span class='ocrx_word' id='word_1_271' title='bbox 1119 560 1218 592; x_wconf 84' lang='lat' dir='ltr'>sentis</span> <span class='ocrx_word' id='word_1_272' title='bbox 1245 559 1366 592; x_wconf 85' lang='lat' dir='ltr'>decreti</span> <span class='ocrx_word' id='word_1_273' title='bbox 1400 564 1513 591; x_wconf 87' lang='lat' dir='ltr'>tenore</span> <span class='ocrx_word' id='word_1_274' title='bbox 1549 558 1659 590; x_wconf 88' lang='lat' dir='ltr'>stricte</span> <span class='ocrx_word' id='word_1_275' title='bbox 1691 556 1855 590; x_wconf 83' lang='lat' dir='ltr'>observari</span> 
     </span>
     <span class='ocr_line' id='line_1_59' title="bbox 1119 608 1858 654; baseline -0.004 -10"><span class='ocrx_word' id='word_1_276' title='bbox 1119 612 1249 644; x_wconf 87' lang='lat' dir='ltr'>mandat</span> <span class='ocrx_word' id='word_1_277' title='bbox 1274 616 1304 643; x_wconf 84' lang='lat' dir='ltr'>et</span> <span class='ocrx_word' id='word_1_278' title='bbox 1329 610 1488 654; x_wconf 84' lang='lat' dir='ltr'>praecipit</span> <span class='ocrx_word' id='word_1_279' title='bbox 1524 610 1635 642; x_wconf 90' lang='lat' dir='ltr'>eadem</span> <span class='ocrx_word' id='word_1_280' title='bbox 1661 620 1751 642; x_wconf 86' lang='lat' dir='ltr'>sacra</span> <span class='ocrx_word' id='word_1_281' title='bbox 1775 608 1858 642; x_wconf 89' lang='lat' dir='ltr'>Con-</span> 
     </span>
     <span class='ocr_line' id='line_1_60' title="bbox 1121 662 1853 707; baseline -0.003 -11"><span class='ocrx_word' id='word_1_282' title='bbox 1121 664 1277 707; x_wconf 77' lang='lat' dir='ltr'>gregatio.</span> <span class='ocrx_word' id='word_1_283' title='bbox 1306 664 1437 701; x_wconf 80' lang='lat' dir='ltr'>Romae,</span> <span class='ocrx_word' id='word_1_284' title='bbox 1459 673 1488 696; x_wconf 81' lang='lat' dir='ltr'>ix</span> <span class='ocrx_word' id='word_1_285' title='bbox 1514 662 1655 695; x_wconf 84' lang='lat' dir='ltr'>octobris</span> <span class='ocrx_word' id='word_1_286' title='bbox 1681 671 1853 696; x_wconf 75' lang='lat' dir='ltr'>it1Dt3Lxxvi.</span> 
     </span>
     <span class='ocr_line' id='line_1_61' title="bbox 1121 715 1857 750; baseline -0.005 0"><span class='ocrx_word' id='word_1_287' title='bbox 1121 717 1299 750; x_wconf 86' lang='lat' dir='ltr'>Cardinalis</span> <span class='ocrx_word' id='word_1_288' title='bbox 1326 716 1447 749; x_wconf 61' lang='lat' dir='ltr'>Gismn</span> <span class='ocrx_word' id='word_1_289' title='bbox 1478 716 1665 749; x_wconf 65' lang='lat' dir='ltr'>Cfflriueus.</span> <span class='ocrx_word' id='word_1_290' title='bbox 1692 715 1715 748; x_wconf 88' lang='grc' dir='ltr'>Ι.</span> <span class='ocrx_word' id='word_1_291' title='bbox 1742 715 1778 747; x_wconf 91' lang='lat' dir='ltr'>D.</span> <span class='ocrx_word' id='word_1_292' title='bbox 1806 725 1857 747; x_wconf 87' lang='lat' dir='ltr'>ar-</span> 
     </span>
     <span class='ocr_line' id='line_1_62' title="bbox 1122 769 1588 813; baseline -0.004 -11"><span class='ocrx_word' id='word_1_293' title='bbox 1122 770 1349 813; x_wconf 85' lang='lat' dir='ltr'>chiepiscopus</span> <span class='ocrx_word' id='word_1_294' title='bbox 1373 769 1540 801; x_wconf 88' lang='lat' dir='ltr'>lanuensis</span> <span class='ocrx_word' id='word_1_295' title='bbox 1558 780 1588 800; x_wconf 60' lang='lat' dir='ltr'>n.</span> 
     </span>
    </p>

    <p class='ocr_par' dir='ltr' id='par_1_7' title="bbox 1122 819 2049 2076">
     <span class='ocr_line' id='line_1_63' title="bbox 1165 819 2049 865; baseline -0.006 -11"><span class='ocrx_word' id='word_1_296' title='bbox 1165 823 1180 865; x_wconf 62' lang='lat' dir='ltr'>g</span> <span class='ocrx_word' id='word_1_297' title='bbox 1204 822 1235 854; x_wconf 65' lang='lat'>2.</span> <span class='ocrx_word' id='word_1_298' title='bbox 1263 822 1476 860; x_wconf 69' lang='lat' dir='ltr'>(laniantem,</span> <span class='ocrx_word' id='word_1_299' title='bbox 1497 821 1578 853; x_wconf 85' lang='lat' dir='ltr'>sieut</span> <span class='ocrx_word' id='word_1_300' title='bbox 1602 820 1778 853; x_wconf 90' lang='lat' dir='ltr'>modernus</span> <span class='ocrx_word' id='word_1_301' title='bbox 1797 819 1857 852; x_wconf 85' lang='lat' dir='ltr'>mi·</span> <span class='ocrx_word' id='word_1_302' title='bbox 1914 829 2049 860; x_wconf 60' lang='lat' dir='ltr'>Commu„</span> 
     </span>
     <span class='ocr_line' id='line_1_64' title="bbox 1122 857 2048 918; baseline -0.003 -10"><span class='ocrx_word' id='word_1_303' title='bbox 1122 876 1224 908; x_wconf 89' lang='lat' dir='ltr'>nister</span> <span class='ocrx_word' id='word_1_304' title='bbox 1248 875 1455 918; x_wconf 87' lang='lat' dir='ltr'>provincialis</span> <span class='ocrx_word' id='word_1_305' title='bbox 1474 874 1567 907; x_wconf 87' lang='lat' dir='ltr'>nobis</span> <span class='ocrx_word' id='word_1_306' title='bbox 1585 873 1722 906; x_wconf 89' lang='lat' dir='ltr'>subinde</span> <span class='ocrx_word' id='word_1_307' title='bbox 1739 872 1856 916; x_wconf 80' lang='lat' dir='ltr'>exponi</span> <span class='ocrx_word' id='word_1_308' title='bbox 1867 857 2048 905; x_wconf 52' lang='lat' dir='ltr'>iiffiff-&#39;&#39;ccrssi‘iim&#39;</span> 
     </span>
     <span class='ocr_line' id='line_1_65' title="bbox 1124 925 1858 971; baseline -0.003 -11"><span class='ocrx_word' id='word_1_309' title='bbox 1124 928 1208 967; x_wconf 80' lang='lat' dir='ltr'>fecit,</span> <span class='ocrx_word' id='word_1_310' title='bbox 1226 928 1294 971; x_wconf 85' lang='lat' dir='ltr'>ipse.</span> <span class='ocrx_word' id='word_1_311' title='bbox 1321 928 1484 960; x_wconf 88' lang='lat' dir='ltr'>decretum</span> <span class='ocrx_word' id='word_1_312' title='bbox 1510 926 1703 965; x_wconf 87' lang='lat' dir='ltr'>huiusmodi,</span> <span class='ocrx_word' id='word_1_313' title='bbox 1723 936 1788 969; x_wconf 87' lang='lat' dir='ltr'>quo</span> <span class='ocrx_word' id='word_1_314' title='bbox 1805 925 1858 958; x_wconf 84' lang='lat' dir='ltr'>sir-</span> 
     </span>
     <span class='ocr_line' id='line_1_66' title="bbox 1122 979 1858 1022; baseline -0.004 -8"><span class='ocrx_word' id='word_1_315' title='bbox 1122 982 1204 1014; x_wconf 87' lang='lat' dir='ltr'>mius</span> <span class='ocrx_word' id='word_1_316' title='bbox 1223 981 1376 1013; x_wconf 84' lang='lat' dir='ltr'>subsistat</span> <span class='ocrx_word' id='word_1_317' title='bbox 1396 987 1427 1014; x_wconf 92' lang='lat' dir='ltr'>et</span> <span class='ocrx_word' id='word_1_318' title='bbox 1447 986 1594 1013; x_wconf 85' lang='lat' dir='ltr'>servetur</span> <span class='ocrx_word' id='word_1_319' title='bbox 1612 979 1765 1019; x_wconf 84' lang='lat' dir='ltr'>exactius,</span> <span class='ocrx_word' id='word_1_320' title='bbox 1784 989 1858 1022; x_wconf 85' lang='lat' dir='ltr'>apo-</span> 
     </span>
     <span class='ocr_line' id='line_1_67' title="bbox 1122 1031 1856 1075; baseline -0.004 -8"><span class='ocrx_word' id='word_1_321' title='bbox 1122 1035 1254 1067; x_wconf 88' lang='lat' dir='ltr'>stolicae</span> <span class='ocrx_word' id='word_1_322' title='bbox 1270 1033 1523 1066; x_wconf 75' lang='lat' dir='ltr'>confirmationis</span> <span class='ocrx_word' id='word_1_323' title='bbox 1537 1039 1665 1066; x_wconf 89' lang='lat' dir='ltr'>nostrae</span> <span class='ocrx_word' id='word_1_324' title='bbox 1677 1031 1856 1075; x_wconf 88' lang='lat' dir='ltr'>patrocinio</span> 
     </span>
     <span class='ocr_line' id='line_1_68' title="bbox 1123 1086 1855 1128; baseline -0.004 -8"><span class='ocrx_word' id='word_1_325' title='bbox 1123 1086 1316 1120; x_wconf 89' lang='lat' dir='ltr'>communiri</span> <span class='ocrx_word' id='word_1_326' title='bbox 1342 1096 1547 1128; x_wconf 85' lang='lat' dir='ltr'>summopere</span> <span class='ocrx_word' id='word_1_327' title='bbox 1572 1086 1755 1118; x_wconf 84' lang='lat' dir='ltr'>desideret:</span> <span class='ocrx_word' id='word_1_328' title='bbox 1775 1095 1855 1124; x_wconf 86' lang='lat' dir='ltr'>nos,</span> 
     </span>
     <span class='ocr_line' id='line_1_69' title="bbox 1123 1137 1858 1182; baseline -0.003 -11"><span class='ocrx_word' id='word_1_329' title='bbox 1123 1140 1294 1182; x_wconf 83' lang='lat' dir='ltr'>specialem</span> <span class='ocrx_word' id='word_1_330' title='bbox 1313 1138 1372 1182; x_wconf 84' lang='lat' dir='ltr'>ipsi</span> <span class='ocrx_word' id='word_1_331' title='bbox 1390 1139 1548 1171; x_wconf 88' lang='lat' dir='ltr'>moderno</span> <span class='ocrx_word' id='word_1_332' title='bbox 1562 1137 1710 1170; x_wconf 89' lang='lat' dir='ltr'>ministro</span> <span class='ocrx_word' id='word_1_333' title='bbox 1728 1137 1858 1180; x_wconf 83' lang='lat' dir='ltr'>provin-</span> 
     </span>
     <span class='ocr_line' id='line_1_70' title="bbox 1124 1191 1859 1234; baseline -0.003 -10"><span class='ocrx_word' id='word_1_334' title='bbox 1124 1192 1195 1224; x_wconf 91' lang='lat' dir='ltr'>ciali</span> <span class='ocrx_word' id='word_1_335' title='bbox 1215 1192 1350 1234; x_wconf 74' lang='lat' dir='ltr'>gratiam</span> <span class='ocrx_word' id='word_1_336' title='bbox 1379 1192 1482 1224; x_wconf 85' lang='lat' dir='ltr'>facere</span> <span class='ocrx_word' id='word_1_337' title='bbox 1508 1191 1665 1229; x_wconf 81' lang='lat' dir='ltr'>volentes,</span> <span class='ocrx_word' id='word_1_338' title='bbox 1681 1200 1819 1233; x_wconf 86' lang='lat' dir='ltr'>eumque</span> <span class='ocrx_word' id='word_1_339' title='bbox 1840 1201 1859 1223; x_wconf 85' lang='lat' dir='ltr'>a</span> 
     </span>
     <span class='ocr_line' id='line_1_71' title="bbox 1123 1242 1859 1288; baseline -0.003 -11"><span class='ocrx_word' id='word_1_340' title='bbox 1123 1245 1288 1288; x_wconf 84' lang='lat' dir='ltr'>quibusvis</span> <span class='ocrx_word' id='word_1_341' title='bbox 1305 1243 1661 1283; x_wconf 76' lang='lat' dir='ltr'>exconnmmicationis,</span> <span class='ocrx_word' id='word_1_342' title='bbox 1677 1242 1859 1285; x_wconf 87' lang='lat' dir='ltr'>suspensio·</span> 
     </span>
     <span class='ocr_line' id='line_1_72' title="bbox 1123 1294 1859 1339; baseline -0.004 -10"><span class='ocrx_word' id='word_1_343' title='bbox 1123 1297 1171 1329; x_wconf 89' lang='lat' dir='ltr'>nis</span> <span class='ocrx_word' id='word_1_344' title='bbox 1199 1302 1231 1329; x_wconf 87' lang='lat' dir='ltr'>et</span> <span class='ocrx_word' id='word_1_345' title='bbox 1256 1297 1436 1336; x_wconf 86' lang='lat' dir='ltr'>interdicti,</span> <span class='ocrx_word' id='word_1_346' title='bbox 1463 1296 1601 1339; x_wconf 87' lang='lat' dir='ltr'>aliisque</span> <span class='ocrx_word' id='word_1_347' title='bbox 1633 1294 1859 1328; x_wconf 84' lang='lat' dir='ltr'>ecclesiasticis</span> 
     </span>
     <span class='ocr_line' id='line_1_73' title="bbox 1123 1346 1858 1390; baseline -0.004 -9"><span class='ocrx_word' id='word_1_348' title='bbox 1123 1350 1306 1389; x_wconf 82' lang='lat' dir='ltr'>sententiis,</span> <span class='ocrx_word' id='word_1_349' title='bbox 1325 1349 1471 1381; x_wconf 88' lang='lat' dir='ltr'>censuris</span> <span class='ocrx_word' id='word_1_350' title='bbox 1493 1353 1525 1381; x_wconf 89' lang='lat' dir='ltr'>et</span> <span class='ocrx_word' id='word_1_351' title='bbox 1548 1347 1675 1390; x_wconf 90' lang='lat' dir='ltr'>poenis,</span> <span class='ocrx_word' id='word_1_352' title='bbox 1691 1357 1709 1379; x_wconf 90' lang='lat' dir='ltr'>a</span> <span class='ocrx_word' id='word_1_353' title='bbox 1724 1346 1795 1379; x_wconf 91' lang='lat' dir='ltr'>iure</span> <span class='ocrx_word' id='word_1_354' title='bbox 1808 1347 1858 1379; x_wconf 83' lang='lat' dir='ltr'>vel</span> 
     </span>
     <span class='ocr_line' id='line_1_74' title="bbox 1124 1400 1860 1444; baseline -0.005 -9"><span class='ocrx_word' id='word_1_355' title='bbox 1124 1403 1162 1435; x_wconf 87' lang='lat' dir='ltr'>ab</span> <span class='ocrx_word' id='word_1_356' title='bbox 1188 1403 1335 1442; x_wconf 83' lang='lat' dir='ltr'>homine,</span> <span class='ocrx_word' id='word_1_357' title='bbox 1352 1401 1462 1444; x_wconf 86' lang='lat' dir='ltr'>quavis</span> <span class='ocrx_word' id='word_1_358' title='bbox 1494 1401 1663 1434; x_wconf 85' lang='lat' dir='ltr'>occasione</span> <span class='ocrx_word' id='word_1_359' title='bbox 1688 1400 1738 1432; x_wconf 87' lang='lat' dir='ltr'>vel</span> <span class='ocrx_word' id='word_1_360' title='bbox 1763 1401 1860 1432; x_wconf 82' lang='lat' dir='ltr'>causa</span> 
     </span>
     <span class='ocr_line' id='line_1_75' title="bbox 1124 1451 1859 1498; baseline -0.005 -10"><span class='ocrx_word' id='word_1_361' title='bbox 1124 1456 1208 1495; x_wconf 79' lang='lat' dir='ltr'>latis,</span> <span class='ocrx_word' id='word_1_362' title='bbox 1235 1456 1259 1487; x_wconf 91' lang='lat' dir='ltr'>si</span> <span class='ocrx_word' id='word_1_363' title='bbox 1281 1456 1398 1498; x_wconf 84' lang='lat' dir='ltr'>quibus</span> <span class='ocrx_word' id='word_1_364' title='bbox 1417 1453 1666 1497; x_wconf 84' lang='lat' dir='ltr'>quomodolibet</span> <span class='ocrx_word' id='word_1_365' title='bbox 1685 1451 1859 1485; x_wconf 86' lang='lat' dir='ltr'>innodatus</span> 
     </span>
     <span class='ocr_line' id='line_1_76' title="bbox 1125 1504 1863 1549; baseline -0.007 -8"><span class='ocrx_word' id='word_1_366' title='bbox 1125 1508 1243 1548; x_wconf 79' lang='lat' dir='ltr'>existit,</span> <span class='ocrx_word' id='word_1_367' title='bbox 1264 1509 1302 1540; x_wconf 84' lang='lat' dir='ltr'>ad</span> <span class='ocrx_word' id='word_1_368' title='bbox 1320 1507 1468 1540; x_wconf 82' lang='lat' dir='ltr'>etl&#39;ectum</span> <span class='ocrx_word' id='word_1_369' title='bbox 1492 1505 1711 1549; x_wconf 88' lang='lat' dir='ltr'>praesentium</span> <span class='ocrx_word' id='word_1_370' title='bbox 1736 1504 1863 1537; x_wconf 85' lang='lat' dir='ltr'>dumta-</span> 
     </span>
     <span class='ocr_line' id='line_1_77' title="bbox 1124 1556 1861 1602; baseline -0.004 -9"><span class='ocrx_word' id='word_1_371' title='bbox 1124 1566 1177 1593; x_wconf 85' lang='lat' dir='ltr'>xat</span> <span class='ocrx_word' id='word_1_372' title='bbox 1200 1560 1477 1602; x_wconf 84' lang='lat' dir='ltr'>consequendum,</span> <span class='ocrx_word' id='word_1_373' title='bbox 1501 1559 1615 1591; x_wconf 87' lang='lat' dir='ltr'>harum</span> <span class='ocrx_word' id='word_1_374' title='bbox 1643 1557 1726 1590; x_wconf 87' lang='lat' dir='ltr'>serie</span> <span class='ocrx_word' id='word_1_375' title='bbox 1754 1556 1861 1590; x_wconf 87' lang='lat' dir='ltr'>absol-</span> 
     </span>
     <span class='ocr_line' id='line_1_78' title="bbox 1127 1612 1861 1653; baseline -0.007 -6"><span class='ocrx_word' id='word_1_376' title='bbox 1127 1620 1236 1647; x_wconf 85' lang='lat' dir='ltr'>ventes</span> <span class='ocrx_word' id='word_1_377' title='bbox 1251 1620 1282 1646; x_wconf 86' lang='lat' dir='ltr'>et</span> <span class='ocrx_word' id='word_1_378' title='bbox 1299 1614 1483 1646; x_wconf 85' lang='lat' dir='ltr'>absolutum</span> <span class='ocrx_word' id='word_1_379' title='bbox 1504 1612 1572 1644; x_wconf 86' lang='lat' dir='ltr'>sore</span> <span class='ocrx_word' id='word_1_380' title='bbox 1590 1615 1773 1651; x_wconf 87' lang='lat' dir='ltr'>censentes,</span> <span class='ocrx_word' id='word_1_381' title='bbox 1788 1620 1861 1653; x_wconf 90' lang='lat' dir='ltr'>sup-</span> 
     </span>
     <span class='ocr_line' id='line_1_79' title="bbox 1126 1663 1861 1710; baseline -0.007 -10"><span class='ocrx_word' id='word_1_382' title='bbox 1126 1666 1358 1710; x_wconf 86' lang='lat' dir='ltr'>plicationibus</span> <span class='ocrx_word' id='word_1_383' title='bbox 1389 1666 1456 1698; x_wconf 89' lang='lat' dir='ltr'>eius</span> <span class='ocrx_word' id='word_1_384' title='bbox 1481 1665 1613 1697; x_wconf 89' lang='lat' dir='ltr'>nomine</span> <span class='ocrx_word' id='word_1_385' title='bbox 1646 1663 1740 1696; x_wconf 90' lang='lat' dir='ltr'>nobis</span> <span class='ocrx_word' id='word_1_386' title='bbox 1765 1673 1861 1706; x_wconf 89' lang='lat' dir='ltr'>super</span> 
     </span>
     <span class='ocr_line' id='line_1_80' title="bbox 1126 1716 1860 1761; baseline -0.005 -9"><span class='ocrx_word' id='word_1_387' title='bbox 1126 1721 1188 1752; x_wconf 86' lang='lat' dir='ltr'>boc</span> <span class='ocrx_word' id='word_1_388' title='bbox 1215 1719 1381 1752; x_wconf 85' lang='lat' dir='ltr'>humiliter</span> <span class='ocrx_word' id='word_1_389' title='bbox 1403 1717 1563 1761; x_wconf 87' lang='lat' dir='ltr'>porrectis</span> <span class='ocrx_word' id='word_1_390' title='bbox 1579 1716 1735 1757; x_wconf 86' lang='lat' dir='ltr'>inclinati,</span> <span class='ocrx_word' id='word_1_391' title='bbox 1753 1716 1860 1749; x_wconf 88' lang='lat' dir='ltr'>decre-</span> 
     </span>
     <span class='ocr_line' id='line_1_81' title="bbox 1126 1768 1859 1815; baseline -0.005 -10"><span class='ocrx_word' id='word_1_392' title='bbox 1126 1779 1189 1805; x_wconf 86' lang='lat' dir='ltr'>tum</span> <span class='ocrx_word' id='word_1_393' title='bbox 1205 1772 1451 1815; x_wconf 79' lang='lat' dir='ltr'>praeinsertiun,</span> <span class='ocrx_word' id='word_1_394' title='bbox 1467 1770 1655 1803; x_wconf 88' lang='lat' dir='ltr'>auctoritate</span> <span class='ocrx_word' id='word_1_395' title='bbox 1669 1768 1859 1812; x_wconf 78' lang='lat' dir='ltr'>apostolica,</span> 
     </span>
     <span class='ocr_line' id='line_1_82' title="bbox 1127 1821 1860 1867; baseline -0.005 -10"><span class='ocrx_word' id='word_1_396' title='bbox 1127 1831 1237 1857; x_wconf 84' lang='lat' dir='ltr'>tenore</span> <span class='ocrx_word' id='word_1_397' title='bbox 1255 1824 1483 1867; x_wconf 84' lang='lat' dir='ltr'>praesentium,</span> <span class='ocrx_word' id='word_1_398' title='bbox 1502 1821 1718 1865; x_wconf 87' lang='lat' dir='ltr'>approbamus</span> <span class='ocrx_word' id='word_1_399' title='bbox 1737 1826 1769 1854; x_wconf 87' lang='lat' dir='ltr'>et</span> <span class='ocrx_word' id='word_1_400' title='bbox 1784 1830 1860 1854; x_wconf 87' lang='lat' dir='ltr'>con-</span> 
     </span>
     <span class='ocr_line' id='line_1_83' title="bbox 1125 1874 1859 1919; baseline -0.004 -10"><span class='ocrx_word' id='word_1_401' title='bbox 1125 1878 1296 1917; x_wconf 85' lang='lat' dir='ltr'>firmamus,</span> <span class='ocrx_word' id='word_1_402' title='bbox 1316 1877 1426 1919; x_wconf 88' lang='lat' dir='ltr'>illique</span> <span class='ocrx_word' id='word_1_403' title='bbox 1444 1874 1638 1908; x_wconf 87' lang='lat' dir='ltr'>inviolabilis</span> <span class='ocrx_word' id='word_1_404' title='bbox 1660 1874 1859 1917; x_wconf 85' lang='lat' dir='ltr'>apostolieae</span> 
     </span>
     <span class='ocr_line' id='line_1_84' title="bbox 1125 1928 1859 1962; baseline -0.004 0"><span class='ocrx_word' id='word_1_405' title='bbox 1125 1929 1286 1962; x_wconf 84' lang='lat' dir='ltr'>firmitatis</span> <span class='ocrx_word' id='word_1_406' title='bbox 1311 1929 1410 1962; x_wconf 86' lang='lat' dir='ltr'>robur</span> <span class='ocrx_word' id='word_1_407' title='bbox 1434 1928 1617 1961; x_wconf 82' lang='lat' dir='ltr'>adiicimus:</span> <span class='ocrx_word' id='word_1_408' title='bbox 1642 1928 1728 1960; x_wconf 69' lang='lat' dir='ltr'>salva</span> <span class='ocrx_word' id='word_1_409' title='bbox 1752 1931 1859 1959; x_wconf 86' lang='lat' dir='ltr'>tamen</span> 
     </span>
     <span class='ocr_line' id='line_1_85' title="bbox 1126 1979 1860 2025; baseline -0.005 -10"><span class='ocrx_word' id='word_1_410' title='bbox 1126 1992 1252 2025; x_wconf 87' lang='lat' dir='ltr'>semper</span> <span class='ocrx_word' id='word_1_411' title='bbox 1269 1982 1301 2014; x_wconf 90' lang='lat' dir='ltr'>in</span> <span class='ocrx_word' id='word_1_412' title='bbox 1323 1981 1506 2024; x_wconf 86' lang='lat' dir='ltr'>praemissis</span> <span class='ocrx_word' id='word_1_413' title='bbox 1531 1979 1722 2013; x_wconf 86' lang='lat' dir='ltr'>auctoritate</span> <span class='ocrx_word' id='word_1_414' title='bbox 1739 1989 1860 2012; x_wconf 86' lang='lat' dir='ltr'>memo-</span> 
     </span>
     <span class='ocr_line' id='line_1_86' title="bbox 1125 2032 1758 2076; baseline -0.005 -9"><span class='ocrx_word' id='word_1_415' title='bbox 1125 2040 1212 2067; x_wconf 88' lang='lat' dir='ltr'>ratae</span> <span class='ocrx_word' id='word_1_416' title='bbox 1238 2033 1507 2076; x_wconf 78' lang='lat' dir='ltr'>Congregationis</span> <span class='ocrx_word' id='word_1_417' title='bbox 1533 2032 1758 2065; x_wconf 79' lang='lat' dir='ltr'>cardinalium.</span> 
     </span>
    </p>

    <p class='ocr_par' dir='ltr' id='par_1_8' title="bbox 1125 2085 2054 2603">
     <span class='ocr_line' id='line_1_87' title="bbox 1169 2085 2054 2131; baseline -0.006 -11"><span class='ocrx_word' id='word_1_418' title='bbox 1169 2088 1183 2131; x_wconf 66' lang='grc' dir='ltr'><strong>ἓ</strong></span> <span class='ocrx_word' id='word_1_419' title='bbox 1207 2088 1237 2121; x_wconf 78' lang='lat'>3.</span> <span class='ocrx_word' id='word_1_420' title='bbox 1262 2088 1479 2119; x_wconf 85' lang='lat' dir='ltr'>Decernentes</span> <span class='ocrx_word' id='word_1_421' title='bbox 1500 2085 1585 2129; x_wconf 89' lang='lat' dir='ltr'>ipsas</span> <span class='ocrx_word' id='word_1_422' title='bbox 1603 2089 1792 2128; x_wconf 85' lang='lat' dir='ltr'>praesentes</span> <span class='ocrx_word' id='word_1_423' title='bbox 1811 2085 1860 2118; x_wconf 87' lang='lat' dir='ltr'>lit·</span> <span class='ocrx_word' id='word_1_424' title='bbox 1879 2090 2008 2122; x_wconf 66' lang='lat' dir='ltr'>‚Decretum</span> <span class='ocrx_word' id='word_1_425' title='bbox 2025 2091 2054 2112; x_wconf 81' lang='lat' dir='ltr'>tr-</span> 
     </span>
     <span class='ocr_line' id='line_1_88' title="bbox 1126 2120 1942 2183; baseline -0.002 -10"><span class='ocrx_word' id='word_1_426' title='bbox 1126 2147 1210 2174; x_wconf 87' lang='lat' dir='ltr'>teras</span> <span class='ocrx_word' id='word_1_427' title='bbox 1227 2150 1357 2183; x_wconf 85' lang='lat' dir='ltr'>semper</span> <span class='ocrx_word' id='word_1_428' title='bbox 1376 2139 1492 2179; x_wconf 84' lang='lat' dir='ltr'>firmas,</span> <span class='ocrx_word' id='word_1_429' title='bbox 1510 2139 1631 2171; x_wconf 82' lang='lat' dir='ltr'>validas</span> <span class='ocrx_word' id='word_1_430' title='bbox 1656 2143 1688 2170; x_wconf 89' lang='lat' dir='ltr'>et</span> <span class='ocrx_word' id='word_1_431' title='bbox 1711 2120 1942 2172; x_wconf 70' lang='lat' dir='ltr'>efficaces&#39;¹‘³¹¹⁵‘</span> 
     </span>
     <span class='ocr_line' id='line_1_89' title="bbox 1125 2191 1859 2235; baseline -0.004 -8"><span class='ocrx_word' id='word_1_432' title='bbox 1125 2194 1260 2227; x_wconf 79' lang='lat' dir='ltr'>existere</span> <span class='ocrx_word' id='word_1_433' title='bbox 1278 2198 1310 2226; x_wconf 86' lang='lat' dir='ltr'>et</span> <span class='ocrx_word' id='word_1_434' title='bbox 1331 2194 1406 2232; x_wconf 85' lang='lat' dir='ltr'>sore,</span> <span class='ocrx_word' id='word_1_435' title='bbox 1421 2203 1561 2235; x_wconf 84' lang='lat' dir='ltr'>suosque</span> <span class='ocrx_word' id='word_1_436' title='bbox 1580 2191 1747 2235; x_wconf 87' lang='lat' dir='ltr'>plenarios</span> <span class='ocrx_word' id='word_1_437' title='bbox 1764 2196 1797 2224; x_wconf 90' lang='lat' dir='ltr'>et</span> <span class='ocrx_word' id='word_1_438' title='bbox 1815 2191 1859 2224; x_wconf 90' lang='lat' dir='ltr'>in·</span> 
     </span>
     <span class='ocr_line' id='line_1_90' title="bbox 1127 2244 1858 2289; baseline -0.004 -10"><span class='ocrx_word' id='word_1_439' title='bbox 1127 2251 1232 2289; x_wconf 77' lang='lat' dir='ltr'>tegros</span> <span class='ocrx_word' id='word_1_440' title='bbox 1251 2245 1381 2279; x_wconf 78' lang='lat' dir='ltr'>etl&#39;eetus</span> <span class='ocrx_word' id='word_1_441' title='bbox 1407 2245 1516 2278; x_wconf 87' lang='lat' dir='ltr'>sortiri</span> <span class='ocrx_word' id='word_1_442' title='bbox 1542 2250 1573 2278; x_wconf 88' lang='lat' dir='ltr'>et</span> <span class='ocrx_word' id='word_1_443' title='bbox 1590 2244 1751 2285; x_wconf 86' lang='lat' dir='ltr'>obtinere,</span> <span class='ocrx_word' id='word_1_444' title='bbox 1765 2254 1802 2277; x_wconf 84' lang='lat' dir='ltr'>ae</span> <span class='ocrx_word' id='word_1_445' title='bbox 1818 2244 1858 2277; x_wconf 87' lang='lat' dir='ltr'>ab</span> 
     </span>
     <span class='ocr_line' id='line_1_91' title="bbox 1125 2297 1861 2342; baseline -0.004 -10"><span class='ocrx_word' id='word_1_446' title='bbox 1125 2300 1199 2339; x_wconf 91' lang='lat' dir='ltr'>illis,</span> <span class='ocrx_word' id='word_1_447' title='bbox 1218 2300 1256 2332; x_wconf 90' lang='lat' dir='ltr'>ad</span> <span class='ocrx_word' id='word_1_448' title='bbox 1279 2309 1359 2342; x_wconf 81' lang='lat' dir='ltr'>quos</span> <span class='ocrx_word' id='word_1_449' title='bbox 1380 2302 1502 2341; x_wconf 85' lang='lat' dir='ltr'>spectat</span> <span class='ocrx_word' id='word_1_450' title='bbox 1520 2303 1551 2331; x_wconf 88' lang='lat' dir='ltr'>et</span> <span class='ocrx_word' id='word_1_451' title='bbox 1575 2297 1735 2341; x_wconf 84' lang='lat' dir='ltr'>spectabit</span> <span class='ocrx_word' id='word_1_452' title='bbox 1757 2297 1790 2330; x_wconf 93' lang='lat' dir='ltr'>in</span> <span class='ocrx_word' id='word_1_453' title='bbox 1814 2297 1861 2330; x_wconf 86' lang='lat' dir='ltr'>su-</span> 
     </span>
     <span class='ocr_line' id='line_1_92' title="bbox 1126 2349 1861 2393; baseline -0.004 -8"><span class='ocrx_word' id='word_1_454' title='bbox 1126 2357 1252 2392; x_wconf 85' lang='lat' dir='ltr'>turum,</span> <span class='ocrx_word' id='word_1_455' title='bbox 1279 2351 1508 2383; x_wconf 86' lang='lat' dir='ltr'>iuviolabiliter</span> <span class='ocrx_word' id='word_1_456' title='bbox 1531 2349 1695 2383; x_wconf 86' lang='lat' dir='ltr'>observari</span> <span class='ocrx_word' id='word_1_457' title='bbox 1711 2377 1718 2390; x_wconf 88' lang='lat'><em>‚</em></span> <span class='ocrx_word' id='word_1_458' title='bbox 1748 2350 1861 2393; x_wconf 79' lang='lat' dir='ltr'>sicque</span> 
     </span>
     <span class='ocr_line' id='line_1_93' title="bbox 1127 2402 1862 2448; baseline -0.004 -11"><span class='ocrx_word' id='word_1_459' title='bbox 1127 2405 1159 2437; x_wconf 94' lang='lat' dir='ltr'>in</span> <span class='ocrx_word' id='word_1_460' title='bbox 1183 2404 1369 2448; x_wconf 83' lang='lat' dir='ltr'>praemissis</span> <span class='ocrx_word' id='word_1_461' title='bbox 1397 2414 1457 2447; x_wconf 88' lang='lat' dir='ltr'>per</span> <span class='ocrx_word' id='word_1_462' title='bbox 1487 2413 1707 2447; x_wconf 84' lang='lat' dir='ltr'>quoscumque</span> <span class='ocrx_word' id='word_1_463' title='bbox 1740 2402 1862 2435; x_wconf 89' lang='lat' dir='ltr'>iudices</span> 
     </span>
     <span class='ocr_line' id='line_1_94' title="bbox 1128 2455 1864 2499; baseline -0.005 -8"><span class='ocrx_word' id='word_1_464' title='bbox 1128 2457 1310 2492; x_wconf 87' lang='lat' dir='ltr'>ordinarios</span> <span class='ocrx_word' id='word_1_465' title='bbox 1344 2468 1380 2490; x_wconf 86' lang='lat' dir='ltr'>ac</span> <span class='ocrx_word' id='word_1_466' title='bbox 1405 2458 1571 2499; x_wconf 84' lang='lat' dir='ltr'>delegatos</span> <span class='ocrx_word' id='word_1_467' title='bbox 1588 2483 1595 2497; x_wconf 96' lang='lat'>,</span> <span class='ocrx_word' id='word_1_468' title='bbox 1630 2455 1728 2488; x_wconf 88' lang='lat' dir='ltr'>etiam</span> <span class='ocrx_word' id='word_1_469' title='bbox 1753 2465 1864 2488; x_wconf 85' lang='lat' dir='ltr'>causa-</span> 
     </span>
     <span class='ocr_line' id='line_1_95' title="bbox 1128 2506 1864 2554; baseline -0.008 -9"><span class='ocrx_word' id='word_1_470' title='bbox 1128 2523 1199 2545; x_wconf 87' lang='lat' dir='ltr'>rum</span> <span class='ocrx_word' id='word_1_471' title='bbox 1224 2510 1335 2554; x_wconf 86' lang='lat' dir='ltr'>palatii</span> <span class='ocrx_word' id='word_1_472' title='bbox 1365 2509 1537 2553; x_wconf 85' lang='lat' dir='ltr'>apostolici</span> <span class='ocrx_word' id='word_1_473' title='bbox 1568 2508 1755 2550; x_wconf 83' lang='lat' dir='ltr'>auditores,</span> <span class='ocrx_word' id='word_1_474' title='bbox 1779 2506 1864 2542; x_wconf 83' lang='lat' dir='ltr'>iudi-</span> 
     </span>
     <span class='ocr_line' id='line_1_96' title="bbox 1128 2560 1865 2603; baseline -0.008 -4"><span class='ocrx_word' id='word_1_475' title='bbox 1128 2566 1195 2600; x_wconf 82' lang='lat' dir='ltr'>cari</span> <span class='ocrx_word' id='word_1_476' title='bbox 1220 2570 1251 2597; x_wconf 86' lang='lat' dir='ltr'>et</span> <span class='ocrx_word' id='word_1_477' title='bbox 1275 2563 1401 2598; x_wconf 77' lang='lat' dir='ltr'>definiri</span> <span class='ocrx_word' id='word_1_478' title='bbox 1438 2563 1577 2603; x_wconf 87' lang='lat' dir='ltr'>debere,</span> <span class='ocrx_word' id='word_1_479' title='bbox 1603 2572 1641 2594; x_wconf 85' lang='lat' dir='ltr'>ae</span> <span class='ocrx_word' id='word_1_480' title='bbox 1671 2560 1799 2594; x_wconf 88' lang='lat' dir='ltr'>irritum</span> <span class='ocrx_word' id='word_1_481' title='bbox 1830 2563 1865 2594; x_wconf 81' lang='lat' dir='ltr'>et.</span> 
     </span>
    </p>
   </div>
   <div class='ocr_carea' id='block_1_7' title="bbox 1165 2622 1748 2673">
    <p class='ocr_par' dir='ltr' id='par_1_9' title="bbox 1165 2622 1748 2673">
     <span class='ocr_line' id='line_1_97' title="bbox 1165 2622 1748 2673; baseline -0.005 -19"><span class='ocrx_word' id='word_1_482' title='bbox 1165 2628 1175 2654; x_wconf 87' lang='lat'>1</span> <span class='ocrx_word' id='word_1_483' title='bbox 1198 2626 1292 2654; x_wconf 88' lang='lat' dir='ltr'>Potius</span> <span class='ocrx_word' id='word_1_484' title='bbox 1310 2626 1370 2661; x_wconf 81' lang='lat' dir='ltr'>lege</span> <span class='ocrx_word' id='word_1_485' title='bbox 1390 2624 1627 2673; x_wconf 31' lang='lat' dir='ltr'>conside-alionum</span> <span class='ocrx_word' id='word_1_486' title='bbox 1645 2623 1683 2659; x_wconf 77' lang='lat' dir='ltr'>(fl.</span> <span class='ocrx_word' id='word_1_487' title='bbox 1697 2622 1748 2660; x_wconf 75' lang='lat' dir='ltr'>T.)-</span> 
     </span>
    </p>
   </div>
  </div>
 </body>
</html>
