2111 3157
171 168 224 198 An.
246 168 275 195 o.
295 166 362 195 1678
406 158 472 192 ‘tali

198 596 319 616 Exordium.

409 217 552 259 fratrum
581 215 700 247 Benace
731 212 856 246 ,isariae
891 211 929 244 de
961 209 1103 243 Mercede

409 267 640 310 redemptionis
671 266 872 308 captivorum
905 263 964 296 sub
995 262 1103 295 codem

411 320 505 352 tilulo
529 319 639 351 erectis
662 326 880 350 concessarum
902 316 970 348 iam
990 319 1068 347 ante
1083 325 1103 346 α

408 374 500 405 sacr-ct
519 371 770 414 Conyreyalz'one
787 369 988 413 recoynitum
1004 371 1031 401 el
1047 378 1102 411 ap-

406 424 590 468 probatum.

549 512 744 539 Innocentius
765 512 844 545 Papa
862 511 916 544 xl,

505 557 541 584 ad
561 557 695 583 futuram
714 556 760 582 rei
779 556 960 582 memoriam.

409 635 423 678 ᾗ
443 635 474 667 l.
496 634 619 677 Exponi
636 634 730 667 nohis
743 644 847 676 nuper
867 634 942 666 fecit
963 633 1098 666 dilectus

365 688 449 720 tilius
463 688 619 729 Iosephus
629 687 722 719 Linas
735 691 926 729 procurator
939 685 1099 728 generalis

365 740 494 772 Ordinis
520 740 652 771 fratrum
679 739 793 771 Beatac
818 738 935 771 Mariae
956 738 994 771 de
1019 738 1100 769 Mer-

365 793 443 824 cede
456 791 688 834 redemptionis
701 792 910 833 captivorum,
920 791 1005 833 quod
1020 790 1098 822 alias

365 846 575 877 summarium
600 845 897 887 indulgentiarum,
923 844 1100 876 confrater-

364 898 520 930 nitatibus
545 898 603 929 sub
630 897 721 929 titulo
746 897 891 929 eiusdem
909 897 1025 929 Beatae
1043 896 1099 928 Ma-

364 951 430 982 riae
457 951 495 982 de
526 950 671 982 Mercede
700 950 932 992 redemptionis
957 950 1100 992 captivo-

364 1014 476 1035 vorum
496 1003 527 1034 in
546 1002 692 1034 ecclesiis
709 1002 785 1034 dicti
803 1002 930 1034 Ordinis
945 1003 1098 1034 canonice

365 1054 482 1086 erectis
508 1059 540 1085 et
575 1053 737 1095 erigendis
767 1064 783 1085 a
808 1053 890 1085 Sede
916 1054 1098 1096 Apostolica

364 1116 601 1144 concessarum,
617 1106 812 1145 confectum,
838 1116 873 1137 ac
891 1116 908 1138 a
924 1106 1100 1148 Congrega-

365 1159 453 1191 tione
478 1158 713 1190 venerabilium
751 1158 883 1189 fratrum
915 1163 1099 1190 nostrorum

364 1212 395 1244 S.
424 1212 460 1243 R.
488 1211 522 1243 E.
551 1210 762 1242 cardinalium
780 1210 993 1252 indulgentiis
1009 1216 1040 1243 et
1057 1221 1100 1243 sa-

365 1264 427 1296 cris
454 1263 601 1305 reliquiis
618 1263 879 1305 praepositorum
897 1263 1099 1305 recognitum

366 1322 397 1347 et
412 1316 623 1359 approbatum
643 1315 711 1354 fuit,
730 1315 850 1347 tenoris
875 1315 927 1359 qui
946 1316 1099 1358 sequitur,

364 1368 537 1400 videlicet:

408 1430 595 1468 lndulyeuliae
604 1440 742 1459 cotzcessae
752 1430 1021 1469 consumseritflatibus
1031 1428 1098 1459 Bra-

365 1482 407 1507 !ae
430 1478 535 1507 Mariae
557 1479 588 1507 (Ie
610 1479 732 1508 ,tlercvde
764 1479 956 1517 redemptionis
983 1479 1100 1516 captivo-

365 1536 427 1555 rum
450 1528 478 1555 in
500 1526 620 1555 ecelesiis
644 1525 757 1555 Ordinis
778 1527 897 1555 eiusdem
919 1526 1020 1555 Beata&
1042 1525 1099 1555 Mu—

365 1575 425 1603 riae
446 1575 544 1602 erectis
559 1577 584 1602 el
605 1574 752 1611 erigendis.

410 1641 432 1663 Ι.
458 1630 611 1663 Omnibus
630 1636 661 1662 et
677 1630 812 1673 singulis
825 1631 993 1674 utriusque
1009 1641 1101 1664 sexus

367 1682 637 1715 christifidelibus
674 1693 749 1715 rere
793 1683 1035 1725 poenitentibus
1071 1689 1098 1715 et

367 1735 524 1767 confessis
549 1745 586 1767 ac
610 1736 700 1766 sacra
717 1735 944 1767 communione
963 1736 1100 1773 refectis,

369 1788 423 1830 qui
449 1787 588 1830 aliquam
615 1797 650 1819 ex
686 1787 1002 1819 confraternitatilnis
1027 1788 1102 1820 dicti

368 1840 498 1872 Ordinis
523 1839 756 1881 ingredientur,
783 1839 832 1872 die
859 1840 963 1882 primo
990 1851 1101 1873 eorum

369 1893 538 1935 ingressus
579 1892 815 1933 indulgentiam
854 1892 1032 1935 plenariam
1074 1898 1101 1925 ct

370 1945 515 1977 onmium
540 1949 746 1986 peccatorum
776 1944 1014 1977 remissionem.

414 2007 448 2029 11.
476 1996 603 2028 Eisdem
630 1995 845 2028 confratribus
872 2002 903 2028 et
920 1997 1106 2029 consorori-

370 2050 430 2081 bus
456 2049 487 2080 in
510 2048 680 2080 cuiuslibet
700 2058 808 2080 eorum
827 2050 938 2081 mortis
960 2051 1105 2089 articulo,

371 2103 395 2134 si
422 2112 494 2134 vere
521 2101 727 2144 poenitentes
753 2106 785 2133 ct
809 2102 946 2134 confessi
967 2113 1002 2134 ac
1019 2105 1106 2134 sacra

372 2153 601 2186 communione
627 2153 750 2191 resecti,
775 2159 932 2196 quatenus
965 2154 996 2186 id
1022 2165 1108 2186 com-

374 2207 468 2239 mode
496 2207 599 2238 facere
626 2206 800 2248 potuerint,
824 2208 873 2238 vel
900 2208 1013 2239 saltem
1032 2218 1109 2239 cou-

375 2259 455 2299 triti,
477 2269 593 2291 nomen
619 2259 688 2290 lesu
715 2269 783 2299 ore,
803 2259 827 2291 si
853 2260 1033 2301 potuerint,
1060 2260 1107 2291 sin

375 2312 491 2349 minus,
507 2312 604 2344 corde
630 2313 741 2344 devote
760 2313 989 2353 invocaverint,
1013 2314 1108 2346 ctiam

376 2364 554 2407 plenariam
587 2369 619 2396 et
654 2365 796 2397 omniurn
829 2371 1038 2408 peccatorum
1063 2377 1111 2399 re-

377 2416 578 2450 missionem.

422 2480 470 2502 111.
496 2469 621 2502 Eisdem
641 2471 855 2503 confratrilms
880 2476 911 2504 ot
936 2471 1111 2504 consorori-

376 2522 437 2558 bus
460 2533 534 2556 vere
567 2524 811 2567 poenitentibus
836 2530 866 2558 et
891 2526 1047 2559 confessis
1077 2536 1112 2558 ac

946 161 1125 186 nuic-imum
1149 150 1302 186 noussen

1145 212 1235 242 sacra
1251 202 1480 243 communione
1505 209 1645 251 refectis,
1664 211 1719 254 qui
1740 211 1880 254 aliquam

1146 272 1183 295 ex
1207 262 1352 296 ecclesiis
1377 262 1454 295 dicti
1478 262 1607 295 Ordinis
1630 265 1680 297 vel
1701 265 1879 298 oratorium

1146 316 1332 349 earumdem
1376 315 1675 348 confraternitatum
1717 317 1878 350 dominica

1145 369 1333 412 proximiori
1369 368 1516 402 kalendis
1550 369 1678 411 augusti
1713 380 1731 402 a
1763 370 1876 413 primis

1144 423 1288 466 vesperis
1306 433 1407 465 usque
1432 422 1469 455 ad
1502 432 1650 454 occasum
1674 423 1753 455 solis
1777 423 1879 457 domi-

1145 477 1235 508 nicae
1260 475 1445 508 huiusmodi
1468 474 1604 516 singulis
1629 476 1721 507 annis
1735 475 1878 509 visitave-

1144 529 1218 567 rint,
1242 528 1419 571 plenariam
1445 532 1476 560 et
1501 527 1644 560 omnium
1668 532 1878 570 peccatorum

1144 580 1378 613 remissionem.

1186 644 1227 666 iv.
1254 633 1382 665 Eisdem
1407 631 1626 665 confratribus
1642 636 1674 664 et
1693 632 1877 665 consorori-

1142 686 1201 718 bus
1225 686 1373 718 similiter
1396 694 1471 717 vere
1495 684 1739 727 poenitentibus
1755 690 1786 717 et
1803 696 1878 718 con-

1143 738 1233 770 fessis
1259 749 1295 770 ac
1318 739 1407 770 sacra
1423 736 1652 769 conmunione
1668 736 1806 777 resectis,
1822 737 1877 779 qui

1142 791 1342 834 processioni
1374 789 1551 833 Scapulaiii
1592 790 1692 822 semel
1731 789 1880 832 quolibet

1142 855 1252 877 mense
1277 844 1443 876 faciendae
1469 843 1583 875 devote.
1613 842 1831 881 interfuerint,
1846 848 1878 875 et

1142 907 1202 939 pro
1221 901 1349 929 sanctae
1367 896 1478 928 matris
1492 895 1655 928 Ecclesiae
1670 895 1875 938 exaltatione,

1142 949 1324 992 principum
1350 948 1603 981 christianorum
1628 948 1772 989 unione,
1800 959 1877 981 con-

1143 1001 1251 1034 cordia
1276 1006 1307 1034 et
1335 1011 1426 1044 pace,
1452 1001 1625 1033 haeresum
1649 1000 1874 1043 extirpationc,

1142 1053 1321 1086 infidelium
1347 1052 1559 1086 conversione
1583 1063 1619 1085 ac
1639 1053 1776 1086 Romani
1793 1052 1876 1085 Pon-

1143 1105 1237 1138 tificis
1262 1107 1365 1138 salute
1396 1105 1465 1147 pias
1492 1105 1529 1137 ad
1555 1104 1656 1137 Deum
1680 1114 1796 1147 preces
1830 1105 1877 1136 fu-

1143 1158 1257 1197 derint,
1272 1158 1451 1201 plenariam
1464 1162 1496 1190 et
1513 1157 1655 1190 omnium
1671 1161 1877 1200 pcccatorum

1143 1211 1382 1244 remissionem.

1186 1274 1214 1296 V.
1242 1264 1370 1296 Eisdem
1393 1263 1609 1296 confratribus
1635 1267 1667 1296 et
1694 1262 1879 1296 consorori-

1143 1317 1202 1348 bus
1227 1326 1301 1348 vere
1333 1315 1577 1358 poenitentibus
1607 1320 1639 1348 et
1662 1316 1818 1348 confessis
1843 1325 1879 1348 ac

1144 1371 1234 1401 sacra
1258 1368 1485 1401 communione
1509 1367 1652 1407 refectis,
1675 1368 1731 1411 qui
1755 1368 1878 1410 primae

1145 1421 1342 1463 processioni
1374 1426 1519 1463 tempore
1548 1420 1778 1463 publicationis
1803 1421 1879 1453 mis-

1144 1474 1242 1506 sionis
1268 1473 1495 1516 religiosorum
1520 1473 1594 1506 dicti
1620 1472 1748 1506 Ordinis
1772 1473 1810 1505 ad
1828 1483 1880 1505 re-

1144 1526 1362 1568 demptionem
1387 1526 1585 1569 captivorum
1604 1525 1674 1558 fieri
1695 1525 1808 1558 solitae
1826 1526 1880 1558 de-

1144 1584 1213 1611 vote
1235 1578 1451 1618 interfuerint,
1470 1584 1499 1611 et
1518 1583 1551 1610 ut
1575 1589 1674 1621 supra
1698 1578 1875 1618 oraverint,

1144 1631 1321 1673 plenariam
1340 1635 1372 1664 et
1389 1631 1530 1663 onmium
1545 1636 1752 1676 pcccatorum
1769 1630 1881 1664 remis-

1146 1694 1284 1716 sionem.

1188 1745 1230 1768 v1.
1262 1735 1482 1768 Confratribus
1510 1740 1541 1768 ct
1572 1735 1805 1768 consororibus
1830 1745 1882 1768 su-

1146 1787 1299 1830 pradictis
1324 1798 1398 1820 vere
1416 1788 1660 1830 poenitentibus
1675 1793 1706 1820 et
1722 1787 1880 1820 confessis

1146 1850 1181 1871 ac
1205 1843 1296 1872 sacra
1328 1840 1555 1872 communione
1581 1840 1725 1880 refectis,
1753 1840 1807 1883 qui
1833 1850 1883 1872 se-

1147 1894 1270 1925 cundae
1296 1893 1494 1935 processioni
1521 1893 1552 1924 in
1579 1893 1753 1935 gratiarum
1783 1892 1883 1926 actio-

1148 1955 1219 1977 nem
1238 1950 1312 1988 post
1331 1945 1527 1988 captivorum
1542 1945 1799 1989 redemptionem
1811 1945 1882 1978 fieri

1149 1998 1263 2030 solitae
1289 1999 1404 2031 devote
1438 1998 1655 2038 interfuerint,
1675 2004 1707 2030 et
1730 2003 1765 2030 ut
1788 2008 1884 2041 supra

1149 2051 1322 2090 oraverint,
1348 2051 1526 2093 plenariam
1552 2056 1584 2083 et
1608 2051 1752 2084 omnium
1768 2061 1887 2094 pecca-

1151 2109 1254 2135 torum
1270 2103 1507 2135 remissionem.

1193 2166 1249 2188 vu.
1277 2155 1497 2188 Confratribus
1523 2160 1554 2187 et
1578 2155 1810 2189 consororibus
1835 2167 1887 2189 su-

1151 2209 1302 2252 pradictis
1328 2219 1400 2241 vere
1418 2209 1662 2252 poenitentibus
1682 2214 1714 2241 et
1733 2209 1886 2242 confessis

1152 2272 1187 2293 ac
1213 2263 1305 2294 sacra
1340 2262 1569 2294 communione
1595 2261 1741 2301 refectis,
1767 2261 1819 2304 qui
1845 2261 1886 2294 ad

1152 2314 1448 2357 partesintidelium
1463 2315 1603 2358 captivos
1622 2314 1800 2347 redimendi
1820 2324 1888 2356 gra·

1155 2367 1195 2399 tia
1216 2377 1249 2399 se
1275 2367 1509 2407 transtulerint,
1523 2372 1618 2410 atque
1642 2371 1679 2399 ut
1703 2377 1800 2410 supra
1817 2377 1890 2399 ora-

1156 2420 1266 2458 verint,
1288 2420 1467 2462 plenariam
1481 2425 1512 2453 et
1525 2419 1667 2452 omnium
1678 2424 1888 2463 peccatorum

1156 2472 1392 2505 remissionem.

1198 2535 1267 2558 vm.
1294 2525 1421 2558 Eisdem
1446 2524 1660 2559 confratribus
1686 2529 1892 2561 04601]εοΓο-

1848 170 1850 173 ’
1866 168 1869 172 ’
1886 161 1935 191 Ari.
1950 163 1980 192 C.
2001 165 2065 196 1678
