2111 3157
75 202 123 230 An.
142 202 170 229 C.
194 202 260 231 ¹683

89 1999 201 2021 etnuxnta„
211 2001 249 2022 du-

65 2031 191 2053 regaturne.

845 205 1057 230 INNOCENTlUS
1080 207 1111 230 XI
1137 206 1185 230 PP.

265 252 446 286 civitatibus
466 280 473 293 ‚
508 252 600 286 terris
626 258 659 286 et
687 252 861 297 provinciis
886 253 998 286 Italiae
1040 264 1170 287 necnon
1209 254 1443 295 ecclesiarum,
1479 255 1776 294 monasteriorum,

265 311 295 339 et
312 305 490 339 insularum
507 306 553 340 illi
570 306 785 339 adiacentium
802 305 998 343 huiusmodi,
1039 306 1260 348 prioratuum,
1287 308 1578 350 congregationum
1592 335 1600 348 ,
1626 309 1775 352 hospita-

264 363 412 402 quoquot
450 358 566 391 viderit
601 358 754 401 expedire
771 385 778 398 ,
806 368 874 389 cnm
900 357 998 389 simili
1040 359 1127 398 lium,
1153 359 1340 392 militiarum
1367 365 1397 393 et
1421 362 1568 394 locorum
1593 361 1778 404 praedicto-

262 411 313 443 vel
338 410 486 451 limitata,
507 421 572 444 non
598 415 704 443 tamen
725 410 922 449 absolvendi,
941 419 999 452 po-

264 468 379 496 testate
396 491 403 503 ,
430 464 666 503 constituendi,
696 474 834 506 eumque
867 463 915 495 vel
941 472 997 495 eos

264 516 334 549 eius
360 516 497 549 arbitrio
521 516 713 556 revocandi,
740 516 943 558 negligentes
968 520 999 547 et

262 579 413 602 morosos
439 568 637 608 removendi,
657 579 693 600 ac
718 568 815 601 alium
841 578 895 600 seu
916 567 996 600 alios

263 621 457 664 subrogandi
495 620 767 664 quotiescumque
803 620 831 652 ei
867 619 993 652 videbi-

262 680 327 713 tur,
349 684 386 706 ac
409 674 449 706 ab
475 673 520 706 eis
544 682 722 715 eorumque
748 672 941 705 haeredibus
966 677 996 704 et

261 724 504 758 successoribus
536 723 825 757 administrationis
853 723 994 755 rationes

260 778 423 821 exigendi,
448 777 480 810 in
506 777 734 820 delinquentes
759 782 790 810 et
814 781 992 819 suspectos,

260 841 320 874 per
345 840 378 863 se
404 831 453 863 vel
487 830 585 863 alium
622 841 677 863 seu
713 830 816 870 alios,
845 834 876 862 et
899 829 993 861 etiam

260 882 452 926 simpliciter
483 887 515 915 et
548 882 587 915 de
612 883 710 925 plano
726 909 733 922 ‚
760 892 797 915 ac
820 881 888 915 sine
913 886 994 914 stre-

258 935 328 980 pitu
349 940 381 968 et
399 934 502 978 figura
521 934 650 974 iudicii,
664 934 861 978 inquirendi,
884 939 916 966 et
933 944 994 966 me-

260 987 330 1021 ritis
362 988 477 1031 poenis
511 987 690 1031 puniendi,
723 988 838 1021 modos
873 992 905 1020 et
930 987 994 1020 sor-

259 1051 327 1074 mas
360 1041 393 1074 in
422 1040 597 1084 praedictis
628 1041 802 1074 servandos
835 1040 993 1084 praescri-

259 1092 370 1134 bendi,
390 1092 488 1127 dubia
512 1103 738 1137 quaecumque
756 1093 789 1126 in
810 1092 993 1135 praemissis

259 1145 371 1178 forsan
404 1144 527 1178 oritura
559 1145 766 1185 declarandi,
797 1155 833 1177 ac
857 1154 992 1187 prorsus

261 1198 369 1231 omnia
401 1203 433 1231 et
457 1209 679 1242 quaecumque
713 1198 796 1231 circa
821 1209 858 1231 ea
882 1208 993 1229 neccs-

260 1250 345 1284 saria
377 1256 409 1284 et
432 1257 617 1294 opportuna
650 1251 807 1291 faciendi,
833 1249 993 1283 statuendi

260 1309 292 1338 et
315 1304 510 1347 exequendi,
533 1303 657 1336 etiamsi
681 1304 757 1337 talia
781 1304 889 1336 forent
912 1313 993 1345 quae

259 1357 443 1391 mandatum
459 1357 624 1400 exigerent
636 1356 736 1399 magis
747 1356 886 1400 speciale
897 1366 992 1398 quam

258 1409 486 1454 praesentibus
515 1415 565 1442 est
595 1420 801 1453 expressum:
829 1411 864 1441 ea
889 1413 993 1440 tamen

259 1461 448 1495 conditione
473 1462 605 1503 adiecta,
632 1462 719 1506 quod
745 1462 939 1495 collectores
964 1466 994 1493 et

259 1514 512 1548 subeollectores
528 1515 705 1559 deputandi
723 1522 781 1548 seu
795 1514 993 1547 substituen-

260 1567 290 1600 di
310 1567 507 1608 huiusmodi,
521 1578 581 1611 per
597 1567 838 1611 deputationem
853 1577 908 1599 seu
922 1566 994 1598 sub-

259 1620 462 1653 stitutionem
489 1620 527 1653 de
553 1630 665 1653 eorum
689 1620 838 1663 personis
856 1625 890 1651 ut
907 1629 993 1664 prae-

260 1672 360 1705 fertur
372 1672 561 1712 faciendam,
577 1673 667 1706 nullo
685 1672 782 1706 modo
797 1676 993 1705 censeantur

260 1725 397 1769 exempti
429 1736 447 1758 a
470 1725 631 1759 solutione
665 1725 761 1758 trium
798 1724 992 1758 decimarum

259 1779 504 1822 praedictarum,
523 1789 600 1822 quas
625 1779 750 1812 ratione
768 1777 990 1819 ecclesiarum,

259 1831 541 1873 monasteriorum,
565 1831 810 1871 beneficiorum,
835 1842 891 1864 seu
915 1841 993 1874 pen-

259 1885 383 1918 sionum
408 1895 466 1929 per
490 1895 545 1919 eos
563 1885 771 1918 obtentorum
797 1884 925 1918 solvere
944 1884 994 1917 de-

258 1938 393 1971 bebunt.

303 1991 318 2034 5
345 1991 376 2024 9.
403 1990 473 2024 Non
508 1990 712 2030 obstantibus
746 1990 851 2024 felicis
886 2000 994 2023 recor-

260 2043 398 2077 dationis
421 2044 614 2087 praesertim
638 2044 728 2077 Pauli
752 2043 790 2077 ΙΙΙ
814 2054 850 2077 ac
873 2043 993 2086 Grego-

260 2097 298 2130 rii
317 2096 398 2135 xtlt,
416 2097 533 2140 quibus
558 2096 642 2130 inter
666 2096 729 2130 alia
752 2100 881 2130 cavetur
909 2097 993 2140 quod

260 2149 371 2184 clerici
396 2150 563 2192 regulares
588 2149 756 2182 Societatis
780 2149 852 2182 Iesu
872 2160 889 2182 a
906 2150 993 2182 solu-

260 2203 346 2237 tione
360 2202 556 2236 decimarum
572 2202 756 2235 huiusmodi
771 2202 910 2246 exempti
924 2213 993 2236 esse

260 2255 408 2294 debeant,
427 2265 462 2288 ac
486 2255 521 2288 B.
548 2255 594 2287 Pii
618 2254 642 2286 V
667 2255 836 2288 duodecim
861 2265 995 2298 congre-

261 2308 444 2352 gationibus
479 2307 632 2351 praefatis
666 2318 702 2340 ex
729 2307 821 2341 titulo
854 2318 994 2342 oneroso

261 2372 371 2405 parem
389 2360 627 2404 exemptionem
645 2360 871 2400 concedentis,
890 2365 921 2393 et
937 2360 995 2394 Bo-

261 2413 450 2452 nisaciivttl,
463 2413 681 2446 Romanorum
695 2413 885 2446 Pontificum
899 2414 994 2448 etiam

262 2466 548 2511 praedecessorum
575 2471 762 2498 nostrorum
775 2492 782 2506 ,
806 2466 843 2499 de
862 2469 923 2499 una
938 2494 945 2508 ,
964 2473 996 2501 et

263 2520 295 2553 in
314 2519 452 2552 concilio
472 2519 615 2561 generali
634 2518 720 2551 edita
737 2519 775 2551 de
793 2518 916 2552 duabus
935 2520 995 2554 die-

264 2573 312 2613 tis,
338 2576 369 2605 et
392 2571 464 2605 aliis
488 2571 676 2615 apostolicis
701 2571 994 2615 constitutionibus,

350 2635 427 2664 Bull.
448 2635 529 2663 Rom.
550 2649 584 2655 —
606 2635 667 2664 Vol.
687 2635 755 2664 XIX
894 2636 928 2665 65

1039 421 1128 451 rum,
1147 412 1330 446 iuramento
1347 440 1354 452 ,
1378 413 1625 447 confirmatione
1650 420 1777 457 aposto·

1039 462 1111 501 lica,
1131 465 1181 496 vel
1207 465 1317 507 quavis
1341 466 1489 498 firmitate
1513 467 1574 500 alia
1598 467 1774 505 roboratis,

1039 516 1162 548 statutis
1177 522 1208 549 et
1221 519 1521 559 consuetudinibus,
1537 520 1774 559 stabilimentiS,

1037 567 1150 612 usibus
1172 574 1204 601 et
1228 571 1361 610 naturis,
1378 581 1505 604 necnon
1532 573 1697 615 quibusvis
1716 573 1776 615 pri·

1038 620 1181 662 vilegiis,
1203 621 1360 662 indultis,
1378 625 1656 667 exemptionibus,
1676 626 1773 659 etiam

1037 672 1070 704 in
1090 683 1227 716 corpore
1249 674 1327 707 iuris
1352 676 1482 715 clausis,
1507 677 1773 718 immunitatibus,

1037 724 1153 758 litteris
1177 727 1377 769 apostolicis,
1395 729 1574 770 ordinibus,
1596 741 1775 773 congrega-

1038 777 1196 818 tionibus,
1215 779 1356 819 militiis,
1375 782 1592 822 monasteriis,
1610 784 1775 816 conventi-

1036 830 1105 869 bus,
1123 832 1336 873 regularibus,
1365 833 1458 873 locis,
1486 835 1644 877 capitulis,
1671 836 1774 878 digni-

1036 883 1165 922 tatibus,
1193 883 1331 927 aliisque
1356 886 1522 928 quibusvis
1548 889 1697 930 personis
1721 900 1774 921 su-

1036 935 1192 977 pradictis
1225 942 1289 969 tam
1314 939 1533 972 saecularibus
1560 951 1655 983 quam
1680 952 1774 983 regu-

1036 987 1166 1028 laribus,
1192 990 1387 1031 generaliter
1411 992 1461 1024 vel
1486 993 1689 1035 specialiter,
1714 996 1773 1028 sub

1036 1049 1239 1084 quacumque
1265 1042 1367 1074 forma
1387 1048 1418 1076 et
1442 1045 1615 1078 verborum
1642 1057 1774 1089 expres-

1036 1092 1136 1132 sione,
1155 1093 1194 1126 ab
1216 1095 1328 1127 eadem
1351 1095 1445 1135 Sede,
1469 1097 1567 1130 etiam
1585 1102 1681 1132 causa
1698 1110 1774 1132 con·

1036 1145 1166 1178 cordiae
1185 1151 1238 1178 aut
1256 1149 1526 1182 renumerationis
1546 1151 1706 1191 laborum,
1722 1154 1770 1186 vet

1037 1197 1129 1230 titulo
1147 1208 1296 1239 oneroso,
1312 1206 1364 1232 aut
1377 1211 1413 1233 ex
1429 1203 1573 1244 qnalibet
1585 1203 1648 1236 alia
1666 1208 1770 1242 cansa,

1037 1249 1131 1282 etiam
1163 1250 1216 1284 hic
1247 1262 1312 1284 non
1343 1256 1494 1295 expressa
1527 1260 1558 1287 et
1590 1258 1772 1291 necessario

1037 1303 1256 1345 exprimenda,
1279 1306 1452 1343 concessis,
1469 1309 1656 1350 approbans
1677 1316 1707 1342 et
1727 1311 1772 1342 in-

1038 1350 1185 1396 no'vatis;
1211 1357 1328 1399 quibus
1365 1358 1514 1392 omnibus
1546 1365 1577 1393 et
1613 1362 1769 1403 singulis,

1037 1407 1163 1440 etiamsi
1180 1409 1219 1441 de
1234 1409 1298 1442 illis
1318 1420 1496 1454 eorumque
1511 1412 1584 1445 totis
1604 1414 1769 1447 tenoribus

1036 1460 1198 1502 specialis,
1223 1461 1393 1504 specifica,
1421 1474 1573 1506 expressa
1597 1471 1629 1499 et
1653 1466 1769 1499 indivi-

1036 1511 1109 1551 dua,
1127 1523 1190 1546 non
1216 1519 1322 1547 autem
1348 1526 1407 1558 per
1425 1517 1582 1550 clausulas
1599 1521 1769 1561 generales

1035 1565 1120 1598 idem
1145 1566 1376 1610 importantes,
1403 1571 1524 1603 mentio
1555 1582 1612 1604 seu
1639 1574 1770 1615 quaevis

1035 1618 1097 1650 alia
1121 1620 1286 1662 expressio
1311 1621 1460 1654 habenda
1490 1629 1544 1655 aut
1577 1625 1683 1668 aliqua
1709 1626 1771 1658 alia

1035 1671 1194 1714 exquisita
1220 1673 1322 1706 forma
1347 1675 1386 1707 ad
1413 1675 1474 1708 hoc
1498 1679 1655 1710 servanda
1680 1679 1770 1719 foret,

1035 1730 1164 1757 tenores
1198 1725 1379 1759 huiusmodi
1414 1738 1475 1770 pro
1501 1729 1596 1771 plene
1622 1735 1653 1762 et
1677 1731 1767 1764 suffi-

1035 1776 1158 1810 cienter
1189 1779 1350 1821 expressis
1375 1786 1406 1813 et
1430 1781 1557 1813 insertis
1587 1782 1769 1823 habentes,

1035 1829 1099 1863 illis
1123 1830 1201 1864 alias
1227 1831 1260 1863 in
1285 1842 1344 1864 suo
1376 1833 1494 1866 robore
1527 1837 1746 1877 permansuris
1762 1864 1769 1874 ,

1037 1882 1097 1915 hac
1113 1882 1180 1916 vice
1196 1883 1369 1923 dumtaxat,
1386 1885 1501 1918 harum
1516 1886 1598 1919 serie
1616 1888 1771 1922 latissime

1035 1939 1067 1967 et
1089 1935 1280 1978 plenissime
1304 1946 1340 1968 ac
1363 1937 1549 1979 specialiter
1569 1944 1601 1972 et
1618 1950 1770 1983 expresse

1036 1997 1094 2030 pro
1118 1988 1178 2020 hac
1194 1988 1246 2032 pia
1271 1992 1365 2021 causa
1390 1990 1593 2033 derogamus,
1611 1995 1770 2027 contraris

1037 2039 1315 2083 quibuscumque:
1336 2052 1392 2074 seu
1417 2042 1442 2075 si
1468 2045 1621 2086 praelatis
1645 2050 1677 2078 et
1698 2057 1772 2089 per-

1036 2093 1125 2125 sonis
1150 2093 1336 2137 praedictis,
1363 2104 1541 2140 eorumque
1567 2099 1715 2132 ecclesiis
1739 2107 1773 2132 et

1037 2146 1124 2185 locis,
1143 2147 1193 2179 vel
1214 2147 1381 2190 quibusvis
1399 2148 1469 2181 aliis
1488 2151 1703 2184 communiter
1718 2158 1772 2185 aut

1037 2199 1163 2232 divisim
1188 2211 1205 2232 a
1230 2200 1375 2243 praestita
1410 2201 1450 2233 sit
1473 2201 1556 2235 Sede
1588 2202 1769 2242 indultum,

1036 2253 1124 2295 quod
1148 2252 1309 2292 interdici,
1336 2253 1490 2296 suspendi
1512 2256 1561 2288 vel
1587 2266 1772 2289 excommu-

1038 2305 1138 2338 nicari
1163 2316 1228 2338 non
1253 2306 1378 2349 possint
1411 2317 1471 2349 per
1494 2307 1618 2341 litteras
1642 2315 1773 2352 aposto-

1038 2359 1114 2391 licas
1134 2369 1198 2392 non
1222 2358 1374 2392 facientes
1388 2360 1516 2402 plenam
1535 2366 1567 2394 et
1589 2372 1789 2405 expressam.

1037 2423 1072 2444 ac
1097 2412 1136 2444 de
1162 2412 1261 2444 verbo
1286 2412 1324 2444 ad
1350 2412 1484 2445 verbum
1502 2414 1541 2446 de
1567 2414 1693 2449 indulto
1714 2416 1793 2451 hu„

1039 2463 1177 2496 iusmodi
1193 2491 1200 2504 ,
1226 2473 1352 2496 necnon
1388 2465 1537 2507 personis
1553 2493 1560 2507 ,
1593 2477 1773 2510 eorumque

1039 2517 1224 2551 nominibus
1251 2521 1283 2549 et
1307 2518 1575 2560 cognominibus,
1599 2520 1746 2553 ecclesiis
1762 2548 1770 2560 ,

1038 2570 1245 2606 monasteriis
1277 2576 1309 2606 et
1341 2571 1510 2606 ordinibus
1535 2583 1572 2606 ac
1603 2573 1683 2608 locis
1717 2574 1783 2607 hum

1674 198 1738 232 513
1783 208 1833 234 An.
1852 206 1879 233 c.
1904 206 1970 233 tos-3
