2111 3157
151 213 200 239 An.
217 211 245 238 e.
270 212 336 240 1684
381 204 446 240 558

387 272 470 297 xcvi.
497 263 543 297 Ob
569 264 753 307 gravissima
773 265 898 305 damna,
917 274 999 308 quae
1013 269 1078 297 tam

342 326 379 349 ex
403 322 494 360 parte
519 318 769 351 domesticorum
801 328 896 362 quam
926 325 1078 352 externo-

340 380 410 402 rum
443 370 572 403 evenire
598 372 727 412 solent,
754 382 808 405 aes
844 372 985 405 alienum
1011 382 1074 404 non

338 423 550 464 contrahant;
578 424 714 466 proinde
740 425 893 458 familiam
920 435 1011 458 suam
1038 427 1075 458 ea

337 476 628 518 circumspectione
647 477 825 517 instituant,
843 489 885 511 ne
910 478 1003 511 facile
1019 489 1074 511 un-

335 537 430 570 quam
456 529 553 561 annui
575 536 721 574 sumptus
742 531 888 565 redditus
906 532 1071 573 excedant,

334 590 370 612 ex
386 581 536 623 opposito
554 593 694 627 namque
711 585 876 618 cumulata
893 584 1003 618 debita
1020 585 1072 618 de-

333 632 408 665 bitis
425 641 626 668 accrescunt.

375 695 474 720 xcvu.
507 688 568 721 Pro
601 689 781 723 domestica
816 691 930 734 politia
962 691 1070 724 debite

332 741 562 782 conservanda,
588 742 677 775 omni
702 744 852 786 possibili
878 750 1006 784 conatu,
1025 744 1070 777 di-

332 791 465 834 ligentia
499 804 535 826 ac
576 796 781 837 providentia
812 803 929 831 curent
959 808 1068 830 rerum

331 844 476 877 omnium
495 848 688 881 munditiem
702 860 842 883 servare.
864 850 933 884 Non
950 850 1067 884 minori

329 897 491 932 soliditate
517 900 670 934 studeant
693 907 728 934 ut
748 903 858 936 omnia
883 909 915 936 et
939 903 1068 946 singula

330 950 363 982 in
392 951 457 983 suis
489 952 570 984 locis
605 953 669 986 sint
694 955 863 999 disposita.
894 956 930 988 In
955 956 1067 1000 quovis

328 1003 402 1037 loco
427 1005 613 1047 particulari
632 1009 818 1042 vestiarium
836 1010 1013 1051 ordinetur,
1034 1010 1066 1043 in

329 1066 392 1098 quo
418 1057 503 1090 sicut
535 1060 646 1093 omnia
670 1062 863 1096 vestimenta
887 1063 1065 1103 asservari,

329 1108 371 1141 ita
397 1110 491 1142 etiam
527 1122 564 1144 ex
602 1114 717 1147 eodem
751 1115 860 1147 omnia
885 1121 917 1149 et
940 1115 1066 1158 singula

329 1162 463 1195 cuilibet
487 1164 725 1199 subministrari
747 1168 925 1210 oportebit.
953 1159 1066 1201 Debita

328 1224 457 1257 quoque
494 1216 713 1253 bibliothecae
746 1226 778 1253 et
809 1221 965 1254 librorum
991 1232 1066 1255 cura

328 1266 510 1307 habeatur,
536 1272 682 1315 talesque
716 1274 790 1306 libri
822 1280 1064 1317 procurentur,

328 1321 381 1363 qui
406 1322 611 1364 potissimum
636 1336 695 1368 pro
720 1327 997 1367 meditationibus,
1025 1330 1066 1362 le-

328 1373 434 1407 ctione
460 1376 632 1418 spirituali,
661 1380 883 1420 concionibus,
910 1382 1063 1415 cateche-

327 1426 416 1459 sibus
446 1433 478 1460 et
511 1428 672 1463 similibus
697 1432 807 1465 usibus
833 1434 1009 1467 necessarii
1034 1445 1066 1467 e-

328 1485 417 1520 ru11t;
444 1483 608 1525 catalogus
634 1495 763 1528 quoque
789 1486 946 1520 librorum
966 1488 997 1520 in
1013 1498 1066 1522 eo-

329 1533 402 1566 dem
421 1534 493 1567 loco
515 1543 712 1570 asservetur.

370 1596 478 1620 xcv111.
509 1587 788 1626 Quemadmodum
826 1593 962 1627 abiectio
1015 1601 1067 1628 aut

327 1639 448 1673 nimius
484 1642 578 1674 luxus
619 1648 770 1677 externae
804 1647 924 1688 speciei
969 1653 1066 1691 atque

327 1691 459 1726 habitus
480 1694 671 1727 clericorum
697 1698 781 1739 apud
807 1709 921 1731 omnes
946 1700 1068 1744 vitupe-

328 1756 399 1778 rare
418 1752 449 1779 et
466 1749 744 1791 contemptibilem
762 1751 910 1792 reddere,
937 1752 980 1785 ita
999 1764 1067 1786 mo-

329 1799 435 1831 destia
453 1805 484 1832 et
502 1800 658 1833 honestas
679 1803 816 1836 maxime
835 1814 968 1847 semper
985 1816 1068 1839 com-

328 1853 482 1885 mendare
499 1854 680 1887 cousuevit.
701 1856 778 1888 Inde
805 1857 898 1890 enixe
916 1859 1067 1892 laboran-

330 1905 405 1937 dum
430 1911 477 1938 est
502 1917 564 1949 qua
591 1908 718 1942 ratione
738 1914 912 1953 utrumque
932 1912 1066 1944 coniun-

329 1964 433 2001 gatur.
460 1959 494 1992 In
519 1960 634 1992 vestitu
661 1972 738 2004 ergo
762 1963 1016 1998 uniformitatem
1035 1971 1066 1997 et

330 2011 534 2045 honestatem
560 2013 733 2055 longarum
760 2021 906 2058 togarum
933 2017 998 2050 sive
1021 2024 1066 2050 ta-

330 2064 446 2098 lariam
472 2075 542 2097 cum
569 2066 757 2107 collaribus,
784 2074 884 2110 prout
908 2069 1065 2103 honestos

331 2117 465 2150 clericos
489 2118 594 2159 decet,
620 2119 742 2162 ubique
768 2125 928 2154 terrarum
953 2132 1065 2155 omnes

332 2170 505 2212 diligenter
528 2171 755 2205 observabunt.
775 2173 857 2206 Cura
883 2179 988 2207 autem
1010 2175 1067 2208 hu-

331 2222 380 2254 ius
402 2234 503 2266 penes
529 2223 785 2266 dispensatorem
810 2236 917 2259 rerum
943 2232 1066 2270 tempo-

331 2275 445 2308 ralium
471 2276 627 2320 cuiusque
653 2278 716 2310 loci
742 2279 817 2318 erit,
844 2285 878 2311 ut
902 2290 977 2313 suos
1007 2281 1067 2314 ho·

332 2335 420 2362 nesle
447 2335 478 2361 et
501 2336 624 2363 mature
643 2332 754 2364 vestiri
775 2333 878 2373 faciat,
896 2339 928 2366 et
943 2334 1067 2367 unifor-

331 2381 431 2421 milas,
450 2388 603 2425 quantum
620 2383 688 2416 fieri
710 2391 828 2427 potest,
848 2386 1065 2429 perpetuitate

333 2434 471 2477 quadam
497 2435 616 2478 ubique
651 2442 681 2468 et
714 2437 745 2469 in
772 2438 923 2471 omnibus
955 2438 1067 2471 obser-

331 2492 434 2520 vetur.
453 2487 584 2520 Materia
605 2494 752 2531 togarum
771 2491 917 2523 talasium
941 2491 1067 2524 univer-

332 2539 390 2572 sim
416 2550 453 2572 ca
473 2540 544 2579 erit,
563 2551 656 2583 quae,
679 2548 709 2574 et
731 2543 933 2576 honestatem
955 2550 985 2576 et
1002 2554 1068 2576 mo-

332 2592 464 2626 destiam
502 2593 534 2624 in
570 2593 701 2625 homine
727 2596 878 2628 exteriori
905 2596 1068 2638 praesefe-

928 216 1107 242 nULLAumM
1131 215 1283 242 ROMANUM

1121 274 1218 305 rens,
1246 264 1412 299 individua
1437 266 1575 310 quadarn
1599 266 1754 300 societate
1778 275 1858 300 con-

1120 317 1246 361 iungit;
1277 319 1382 363 qualis
1415 320 1519 353 omnis
1543 320 1599 354 illa
1622 321 1760 354 materia
1783 331 1857 355 esse

1119 376 1224 412 potest
1244 372 1385 415 (servata
1401 372 1625 417 dispositionis
1642 373 1856 418 proportione

1118 423 1226 467 aliquo
1251 425 1349 458 modo
1381 426 1421 459 ad
1453 426 1593 460 officium
1625 432 1658 460 et
1681 427 1855 470 dignitates

1117 477 1292 520 externas),
1310 489 1391 522 quae
1416 480 1604 522 splendore,
1627 480 1745 521 forma,
1770 479 1856 513 aliis-

1116 534 1179 572 q'ue
1215 531 1425 574 qualitatibus
1455 532 1650 574 vanitatem,
1677 535 1789 567 luxum
1821 538 1855 568 et

1114 582 1285 616 mollitiem
1309 584 1443 618 minime
1460 586 1673 629 praeseferat.

1156 645 1238 669 xcrx.
1264 637 1421 671 Similiter
1445 639 1478 671 in
1503 639 1598 680 victu,
1624 639 1761 684 aliisque
1782 640 1854 684 qui-

1113 687 1312 733 buscumque
1337 691 1444 733 rebus,
1465 702 1545 732 eam,
1563 692 1680 726 ceteris
1703 692 1848 736 paribus,

1112 742 1339 784 aequalitatem
1365 749 1397 777 et
1421 745 1675 779 uniformitatem
1691 756 1769 789 erga
1786 756 1852 780 om-

1111 805 1169 827 nes
1201 796 1395 838 observent,
1423 809 1487 836 (lua
1523 798 1633 832 dehita
1667 799 1849 833 animorum

1110 847 1187 880 unio
1224 848 1309 882 inter
1340 851 1539 885 domesticos
1572 853 1729 886 foveatur.
1772 851 1848 885 Eius

1110 910 1240 943 quoque
1258 902 1484 945 providentiae
1502 905 1688 949 superiores
1706 910 1738 938 et
1756 915 1850 939 oeco-

1109 954 1197 987 nomi
1223 965 1295 989 esse
1321 956 1451 998 debent,
1477 968 1540 1002 qua
1565 958 1768 1002 singulorum
1792 968 1849 992 ne-

1110 1007 1276 1042 cessitates
1297 1009 1435 1043 sollicite
1460 1010 1639 1054 respiciant
1662 1016 1694 1044 et
1716 1021 1849 1054 praeve-

1108 1060 1220 1101 niant,
1246 1062 1384 1095 aliorum
1410 1073 1539 1108 quoque
1571 1062 1729 1104 consilio,
1754 1073 1849 1107 prae-

1109 1113 1220 1147 sertim
1252 1114 1284 1147 in
1321 1116 1420 1149 rebus
1444 1117 1668 1159 gravioribus,
1693 1117 1847 1151 familiam

1109 1177 1198 1199 suam
1225 1168 1257 1200 in
1282 1169 1332 1201 via
1356 1169 1523 1203 charitatis
1547 1170 1689 1204 fideliter
1712 1169 1849 1205 admini-

1108 1225 1222 1252 strent.

1153 1282 1181 1305 c.
1208 1272 1299 1311 Quod
1325 1275 1439 1309 attinet
1462 1276 1501 1309 ad
1526 1277 1685 1311 rationem
1710 1276 1847 1311 admini-

1109 1327 1259 1361 strandae
1285 1329 1496 1363 oeconomiae
1522 1330 1560 1363 ad
1579 1336 1684 1371 extra,
1702 1330 1846 1366 studiose

1109 1385 1272 1421 caveatur,
1299 1391 1339 1414 ne
1365 1383 1516 1416 avaritiae
1549 1390 1624 1417 nota
1648 1383 1725 1417 huic
1744 1384 1843 1418 cleri-

1108 1433 1167 1465 cali
1192 1434 1295 1475 vitae,
1322 1445 1574 1470 oeconomorum
1607 1437 1672 1470 sive
1708 1437 1845 1471 aliorum

1108 1487 1222 1530 culpa,
1248 1488 1365 1521 merito
1390 1489 1544 1533 imputari
1569 1491 1683 1534 possit.
1711 1491 1795 1524 Hinc
1818 1491 1846 1525 si

1108 1540 1213 1582 legata
1238 1541 1394 1583 quaedam
1412 1542 1465 1585 pia
1483 1542 1559 1576 huic
1584 1543 1730 1577 instituto
1755 1545 1848 1578 adve-

1109 1592 1224 1633 nirent,
1251 1593 1284 1626 in
1308 1594 1347 1627 iis
1372 1598 1491 1638 magna
1513 1607 1585 1629 cum
1611 1597 1845 1639 moderatione,

1109 1651 1141 1678 et
1165 1656 1443 1691 quarumcumque
1480 1659 1693 1692 personarum
1722 1650 1847 1684 satissa-

1108 1700 1226 1740 ctione‚
1247 1707 1402 1745 quantum
1420 1702 1602 1745 prudenter
1620 1703 1689 1736 fieri
1714 1703 1846 1748 poterit,

1108 1753 1241 1795 procedi
1267 1754 1376 1786 debet.
1404 1754 1476 1786 Pari
1497 1755 1594 1788 modo
1617 1754 1649 1788 in
1670 1756 1844 1789 vendendo

1108 1810 1140 1837 et
1180 1806 1338 1846 emendo,
1369 1806 1540 1839 oeconomi
1576 1807 1746 1851 aequitatis
1782 1808 1846 1841 sint

1108 1869 1291 1898 memores;
1318 1859 1487 1901 opificibus
1513 1870 1646 1903 quoque
1672 1866 1704 1893 et
1727 1871 1845 1904 opera-

1108 1911 1163 1942 riis
1189 1911 1422 1944 satisfationem
1443 1911 1514 1945 sine
1539 1912 1728 1946 morositate
1753 1923 1846 1960 prae-

1108 1968 1210 1995 stent:
1238 1963 1323 1995 idem
1349 1963 1445 1996 etiam
1463 1964 1654 1998 observetur
1678 1965 1786 2009 quoad
1801 1964 1846 1999 fa-

1107 2017 1211 2049 mulos
1229 2016 1376 2059 aliosque
1395 2017 1603 2051 domesticos.

1152 2078 1194 2102 ci.
1222 2068 1312 2101 Circa
1338 2069 1406 2102 iura
1431 2071 1555 2110 stolae,
1581 2071 1765 2105 oblationes
1789 2082 1845 2105 an-

1108 2131 1198 2162 nuas,
1227 2121 1384 2154 suneralia
1410 2131 1446 2153 ac
1471 2122 1589 2155 similia
1617 2119 1858 2166 accidentalia,'

1108 2184 1221 2206 omnes
1247 2174 1402 2214 omnino,
1430 2179 1493 2206 tam
1518 2176 1711 2218 prudentiae
1747 2186 1844 2220 quam

1108 2226 1314 2259 discretionis
1339 2237 1509 2265 memores,
1534 2228 1671 2261 liberum
1696 2228 1770 2270 illis,
1789 2229 1843 2273 qui

1109 2279 1182 2312 talia
1207 2281 1333 2313 solvere
1359 2285 1524 2319 tenentur,
1551 2281 1736 2325 relinquant
1767 2282 1843 2315 dare

1866 217 1918 245 An.
1934 216 1962 243 C.
1982 217 2050 245 1⁶85

1109 2343 1144 2364 ex
1170 2332 1254 2365 bono
1278 2339 1309 2365 et
1334 2333 1447 2366 libenti
1472 2333 1580 2366 animo
1613 2335 1698 2377 quod
1723 2334 1863 2382 iustunr

1109 2391 1139 2418 et
1163 2396 1300 2429 aequum
1326 2386 1454 2429 ipsimet
1478 2386 1686 2428 iudicabunt,
1719 2392 1751 2421 et
1774 2384 1861 2421 sine

1109 2439 1197 2480 gravi
1234 2439 1421 2471 difficultate
1454 2439 1530 2472 dare
1556 2445 1730 2482 poterunt:
1757 2440 1844 2484 quod

1109 2491 1134 2522 si
1159 2501 1233 2524 vero
1258 2492 1401 2524 bonitate
1420 2497 1452 2524 et
1477 2492 1674 2526 discretione
1699 2493 1753 2526 illa
1770 2493 1844 2526 sub-

1110 2544 1196 2576 ditos
1222 2544 1309 2576 abuti
1335 2543 1473 2584 videant,
1499 2550 1566 2577 tum
1597 2545 1735 2585 merito,
1761 2557 1844 2590 quae

1109 2596 1169 2628 sibi
1198 2606 1234 2629 ex
1259 2597 1326 2628 iure
1352 2597 1526 2639 parochiae
1552 2603 1581 2630 et
1607 2598 1768 2632 Ecclesiae
1793 2603 1830 2634 οι*
