2111 3157
198 255 247 282 An.
270 254 297 281 c,
320 253 385 281 1680
430 245 494 279 304

391 303 552 341 contingat,
579 303 760 340 assignamus
787 301 916 332 archivia
939 301 1129 331 monasterio-

392 360 458 380 rum
480 352 608 388 illorum,
633 351 662 380 in
684 350 790 389 quibus
811 351 969 389 capitulum
993 350 1127 388 generale

392 399 602 434 celebrabitur,
620 399 669 428 ubi
692 399 721 428 in
745 400 851 437 capsa,
878 398 1013 428 obserata
1035 398 1126 435 clave,

392 457 466 486 quae
488 457 602 486 semper
624 456 712 486 penes
738 446 898 485 praesidem
924 456 975 485 pro
998 451 1127 485 tempure

392 496 441 533 sit,
465 500 528 525 acta
552 495 736 524 visitatorum
764 495 962 533 praecedentis
989 494 1057 524 anni
1080 504 1129 523 cu-

392 543 541 572 stodienda
564 546 660 572 erunt.
684 542 713 572 Si
736 552 809 581 quae
831 547 927 572 autem
959 547 1026 571 sunt
1054 542 1127 571 aliae

391 591 553 630 scripturae
576 591 611 620 ad
630 590 888 628 Congregationem
912 594 1042 620 nostram
1064 599 1128 628 spe-

392 643 526 675 ctantes,
553 639 582 669 in
606 639 781 668 monasterio
809 638 838 668 S.
863 638 989 668 Iustinae
1018 638 1054 667 de
1076 638 1127 667 Pa-

391 688 446 717 dua
469 692 634 716 serventur.

430 745 469 765 ix.
494 735 593 773 sigilla
625 735 863 773 Congregationis
878 759 885 772 ,
909 740 967 764 tam
990 742 1126 771 magnum

392 793 478 823 quam
503 794 635 823 parvum,
660 784 827 814 cautissime
849 783 1066 820 custodiantur,
1092 791 1126 812 ne

391 832 486 871 aliqua
509 833 588 862 fraus
609 832 676 862 inde
697 831 873 861 suboriatur.

431 890 459 910 x.
477 880 630 916 Quodlibet
641 885 736 910 autem
750 879 958 909 monasterium
973 879 1128 916 diligenter

391 934 485 959 servet.
507 939 558 959 sua
580 929 685 967 sigilla,
707 929 768 958 sive
791 937 939 965 magnum,
964 937 1020 966 quo
1042 931 1128 956 utun-

390 982 439 1007 tur
461 986 527 1007 cum
551 977 619 1016 quid
642 977 673 1006 sit
689 977 807 1006 nomine
822 976 944 1015 praelati
959 980 986 1005 et
1002 984 1128 1004 conven-

390 1030 448 1063 tus,
477 1026 538 1055 sive
568 1034 700 1064 parvum,
725 1034 781 1062 quo
810 1024 901 1053 utitur
930 1023 1076 1062 praelatus
1098 1022 1127 1051 in

390 1073 512 1112 privatis
534 1073 651 1103 litteris.
676 1073 709 1102 Et
731 1072 828 1101 nullus
850 1072 935 1107 alius,
959 1071 1015 1100 nisi
1037 1071 1072 1100 de
1094 1070 1129 1099 li-

390 1122 485 1151 centia
509 1122 601 1160 ipsius
624 1121 757 1160 praelati,
775 1120 833 1149 ullo
852 1129 952 1149 eorum
969 1120 1010 1149 uti
1026 1119 1126 1158 possit.

389 1170 466 1205 Quae
488 1170 593 1208 sigilla,
618 1174 675 1198 tam
698 1168 938 1207 Congregationis
960 1177 1046 1207 quam
1070 1177 1129 1196 mo-

388 1218 596 1255 nasteriorum,
614 1218 637 1246 si
654 1217 730 1256 111113,
749 1216 888 1245 suadente
906 1215 1031 1251 diabolo,
1048 1215 1129 1245 adul-

389 1266 493 1304 terari,
523 1267 617 1305 iisque
640 1265 720 1295 abuti
748 1264 992 1304 praesumpserit,
1017 1264 1127 1293 carceri

389 1314 582 1354 mancipetur.

430 1373 469 1393 xi.
494 1364 527 1393 Et
550 1363 616 1402 quia
640 1372 696 1391 non
720 1361 828 1391 sufficit
842 1361 989 1391 custodire
1004 1361 1129 1400 scriptu-

388 1422 436 1442 ras
452 1417 479 1442 et
494 1413 557 1442 iura
579 1411 835 1444 monasteriorum,
853 1410 909 1440 nisi
925 1410 960 1439 ab
976 1410 1129 1448 impugna-

389 1460 501 1490 toribus
528 1465 588 1490 tuta
617 1463 793 1497 serventur,
822 1459 931 1488 idcirco
961 1458 1126 1494 statuimus,

388 1508 476 1548 quod,
488 1508 513 1538 si
525 1507 682 1547 aliquando
695 1506 853 1536 saecularis
867 1511 915 1535 aut
930 1506 1128 1535 ecclesiastica

389 1565 512 1595 persona
542 1557 605 1585 iura
632 1560 680 1585 aut
709 1554 860 1595 privilegia
890 1554 1128 1592 Congregationis

390 1606 419 1635 in
448 1609 508 1635 toto
535 1605 579 1634 vel
607 1605 637 1634 in
669 1608 750 1643 parte
780 1604 941 1641 infregerit,
966 1603 1009 1632 vel
1031 1603 1128 1642 aliquo

391 1653 473 1683 modo
495 1652 628 1692 improbe
652 1652 806 1682 molestare
829 1651 1001 1689 tentaverit,
1024 1651 1048 1680 si
1068 1651 1129 1690 qui-

389 1701 454 1731 dem
477 1701 540 1740 ipsa
562 1700 668 1730 iniuria
692 1700 720 1729 in
743 1700 949 1729 detrimentum
973 1699 1128 1737 particula-

388 1750 429 1778 ris
453 1753 564 1778 tantum
587 1748 753 1778 monasterii
777 1748 910 1783 cesserit,
928 1747 1074 1786 praelatus
1096 1747 1130 1776 il-

389 1797 444 1826 lius
468 1796 649 1831 monasterii,
667 1795 745 1825 omui
762 1805 818 1834 quo
835 1795 971 1824 valuerit¹
993 1795 1069 1824 iusto
1085 1804 1130 1824 re-

390 1845 495 1879 medio,
519 1853 635 1873 eausam
658 1853 739 1872 suam
762 1843 884 1882 impigre
912 1843 1129 1881 prudenterque

389 1898 515 1930 tueatur,
539 1902 592 1922 nec
614 1892 710 1930 aliquo
733 1892 817 1921 modo
836 1892 898 1920 iura
922 1901 953 1920 ar
977 1891 1128 1930 privilegia

390 1942 452 1980 ipsa
476 1941 579 1970 violari
603 1940 770 1979 permittat,
803 1940 851 1969 ubi
879 1949 946 1969 vero
974 1949 1004 1969 se
1026 1948 1129 1969 causae

389 1990 514 2020 tuendae
536 1990 678 2028 imparem
704 1988 820 2025 viderit,
851 1988 925 2027 patri
954 1988 1130 2026 praesidenti

390 2039 436 2069 vel
469 2038 613 2068 visitatori
642 2042 670 2067 et
693 2037 785 2076 priori
817 2037 945 2075 generali
978 2037 1130 2074 negocium

391 2097 476 2117 omne
499 2088 650 2116 insinuare
673 2096 729 2116 non
754 2086 893 2124 negligat,
919 2094 990 2124 quos
1012 2085 1131 2115 omniuo

391 2137 524 2166 volumus
547 2145 663 2166 causam
686 2134 854 2164 huiusmodi
877 2135 905 2163 in
923 2143 953 2163 se
969 2134 1130 2172 suscipere,

392 2189 419 2214 et
440 2184 604 2223 sumptibus
626 2183 719 2222 ipsius
747 2182 916 2213 monasterii
943 2182 972 2211 in
1001 2182 1132 2211 Romana

392 2232 489 2269 Curi-21,
513 2232 558 2261 vel
581 2231 663 2269 alibi,
687 2231 763 2260 sicut
785 2239 857 2269 opus
880 2230 977 2267 fuerit,
1001 2229 1091 2259 tueri.

432 2289 483 2310 xii.
507 2279 536 2309 Si
558 2288 627 2309 vero
649 2283 731 2318 pater
759 2278 929 2317 praesidens
957 2281 1006 2307 aut
1036 2277 1132 2306 visita-

393 2332 471 2357 tores
499 2327 595 2366 ipsum
621 2326 831 2356 monasterium
859 2325 1053 2354 iudicaverint
1079 2324 1134 2353 im-

394 2379 497 2414 potens
519 2375 554 2404 ad
577 2383 729 2413 expensas
754 2374 803 2403 siat
826 2373 991 2412 sumptibus
1009 2372 1134 2410 Congre-

395 2423 530 2461 gationis,
551 2423 585 2452 ad
601 2432 672 2461 quos
688 2421 886 2451 restituendos
904 2421 1000 2459 ipsum
1017 2430 1133 2450 monas-

395 2471 503 2500 terium
525 2474 671 2505 teneatur,
689 2470 745 2499 nisi
769 2470 794 2499 ei
817 2469 976 2508 capitulum
997 2469 1133 2507 generale

395 2519 515 2550 iusserit
537 2519 720 2548 relaxandos.

431 2625 443 2651 1
468 2624 539 2651 Edit.
559 2623 638 2650 Μαίη.
659 2622 723 2658 legit.
742 2623 864 2650 voluerit
884 2623 920 2657 (R.
940 2621 989 2658 Τ.).

970 254 1149 277 BI'LLARIUM
1174 254 1325 278 ROMANUM

1210 310 1271 330 xiii.
1290 301 1428 330 Puerum
1446 304 1540 330 tamen
1558 304 1639 339 pater
1658 302 1825 339 praesidens
1841 311 1906 331 cum

1171 357 1229 377 uno
1243 349 1404 385 visitatore,
1423 348 1465 378 vel
1478 348 1534 377 (luo
1549 348 1636 378 simul
1652 349 1827 388 visitatores,
1844 360 1908 390 pro-

1171 397 1270 426 videre
1294 401 1325 426 ut
1355 405 1445 426 unum
1468 401 1518 426 aut
1540 397 1623 436 plura
1645 398 1819 428 monasteria
1840 399 1908 429 sub-

1171 446 1288 475 veniant
1311 446 1486 476 monasterio
1510 446 1661 485 impotenti
1692 456 1743 485 pro
1771 448 1834 477 iure
1855 457 1907 478 suo

1170 494 1288 531 tuendo,
1306 494 1330 523 si
1346 494 1375 523 in
1390 493 1618 531 Congregatione
1634 494 1729 524 desint
1744 496 1883 533 pecuniae
1899 505 1905 525 τ

1170 543 1353 572 restitutione
1369 547 1464 572 tamen
1480 543 1612 572 facienda
1627 543 1662 572 de
1685 544 1816 581 pecuniis
1831 553 1909 574 com-

1170 590 1293 619 modatis
1316 596 1446 630 tempore
1470 601 1520 629 per
1542 591 1620 629 ipsos
1643 591 1855 621 constituendo.

1208 647 1267 667 xw.
1286 639 1319 668 At
1345 640 1367 668 si
1390 640 1520 668 molestia
1536 640 1615 668 illata
1632 640 1661 669 in
1678 640 1766 669 totius
1784 640 1908 679 Congre-

1169 686 1294 724 gationis
1310 687 1453 716 redundat
1470 687 1625 725 iacturam,
1640 691 1721 726 pater
1737 689 1907 727 praesidens

1170 735 1372 764 communibus
1388 735 1625 772 Congregationis
1650 735 1815 775 sumptibus
1829 736 1908 767 illius

1170 782 1232 811 iura
1255 783 1434 812 defendenda
1458 783 1582 812 curabit.

1210 839 1256 858 xv.
1272 830 1303 859 ln
1317 840 1491 869 unoquoque
1504 832 1680 861 monasterio
1692 833 1730 861 sit
1744 836 1908 871 regestrum

1170 878 1199 906 iu
1223 888 1291 916 quo,
1315 888 1388 917 quae
1411 878 1534 916 singulis
1557 879 1692 908 trienniis
1710 889 1761 919 per
1775 881 1909 918 generale

1170 926 1345 955 ordinantur
1377 927 1558 965 capitulum,
1581 930 1719 957 notentur
1735 952 1742 965 ‚
1774 928 1909 959 videlicet

1913 254 1960 280 An.
1983 254 2012 281 C.
2033 257 2053 282 tt
2065 256 2098 283 80

1171 982 1243 1012 quae
1261 979 1347 1003 totam
1365 974 1523 1013 respiciunt
1538 974 1806 1013 Cougregationem.
1825 976 1859 1006 Et
1870 977 1910 1007 si·
1926 976 1930 979 ’

1171 1022 1278 1051 militer
1293 1021 1433 1051 habeatur
1449 1021 1576 1060 libellus,
1594 1022 1623 1051 in
1639 1032 1696 1062 quo
1711 1028 1851 1054 notentur
1874 1034 1906 1054 ea

1171 1078 1244 1109 quae
1268 1070 1433 1108 specialiter
1454 1070 1489 1099 ad
1512 1070 1583 1099 illud
1606 1071 1814 1101 monasterium
1844 1081 1910 1111 per-

1172 1119 1277 1155 tinent,
1309 1122 1396 1157 prout
1428 1119 1537 1148 fuerint
1564 1127 1616 1158 per
1647 1119 1761 1157 singula
1783 1120 1910 1151 triennia

1172 1176 1222 1206 per
1244 1167 1404 1205 capitulum
1420 1167 1568 1205 generale,
1586 1167 1678 1197 dietas
1696 1172 1724 1198 et
1746 1168 1910 1199 visitatores

1171 1212 1315 1245 ordinata.

1184 1273 1279 1304 CAPL'T
1302 1272 1423 1302 XXXIII.
1446 1290 1485 1294 —
1506 1273 1537 1303 Si
1559 1274 1624 1312 quid
1645 1274 1757 1304 debeant
1773 1275 1898 1305 monachi

1396 1323 1543 1361 proprium
1566 1322 1673 1352 habere.

1215 1378 1391 1421 Praecipue
1428 1379 1491 1411 hoc
1524 1378 1637 1411 vitium
1673 1379 1721 1422 (a)
1757 1379 1909 1413 radicitus

1172 1437 1355 1474 amputetur
1380 1431 1418 1463 de
1438 1431 1647 1471 monasterio,
1665 1442 1706 1464 ne
1728 1432 1800 1475 quis
1816 1443 1911 1476 prae-

1173 1490 1277 1516 sumat
1312 1483 1434 1526 aliquid
1467 1484 1543 1516 dare
1577 1489 1630 1516 aut
1661 1484 1809 1527 accipere
1841 1485 1910 1518 sine

1172 1536 1317 1569 iussione
1343 1536 1483 1575 abbatis,
1509 1546 1616 1578 neque
1642 1536 1763 1579 aliquid
1788 1536 1912 1570 habere

1172 1588 1350 1631 proprium,
1377 1588 1501 1620 nullam
1531 1588 1663 1621 omnino
1693 1599 1773 1628 rem,
1805 1599 1912 1632 neque

1172 1640 1426 1682 tal)1ilaS,neque
1445 1639 1627 1682 graphium,
1639 1641 1695 1673 sed
1712 1641 1795 1673 nihil
1810 1642 1913 1674 omni-

1172 1704 1236 1732 no·,
1270 1693 1390 1735 quippe
1421 1693 1539 1735 quibus
1577 1703 1638 1725 nec
1676 1703 1815 1736 corpora
1852 1704 1912 1726 sua

1173 1757 1231 1779 nec
1262 1747 1443 1779 voluntates
1470 1746 1545 1778 licet
1569 1746 1690 1779 habere
1723 1747 1756 1779 in
1780 1748 1913 1790 propria

1940 1390 2104 1415 Nihilhabeant,

1921 1418 1976 1442 quod
1988 1417 2054 1437 abbas
2064 1422 2103 1437 non

1921 1443 2019 1467 dederim
2041 1445 2062 1463 et
2081 1449 2104 1462 o-

1922 1475 1978 1490 mma
1993 1472 2034 1489 sint
2048 1475 2104 1488 eom-

1922 1496 2007 1515 munia:
2042 1495 2104 1516 atstei-

1922 1524 2043 1548 puniantur.

1172 1804 1349 1841 potestate,
1376 1798 1483 1830 omnia
1506 1808 1581 1831 vero
1606 1799 1791 1832 necessaria
1817 1810 1833 1832 a
1857 1810 1917 1843 par

1173 1857 1219 1883 tre
1250 1850 1438 1883 monasterii
1471 1860 1612 1893 sperare,
1643 1861 1705 1883 nec
1736 1851 1911 1894 quidquam

1173 1904 1267 1936 liceat
1292 1903 1413 1935 habere
1440 1903 1525 1945 quod
1558 1903 1657 1935 abhas
1688 1914 1754 1936 non
1786 1904 1913 1937 dederit

1173 1961 1228 1988 aut
1252 1955 1450 1998 permiserit.
1475 1955 1648 1998 omniaque
1674 1956 1824 1988 omnibus
1848 1956 1913 1989 sint

1174 2008 1368 2047 eommunia,
1384 2012 1417 2039 ut
1437 2008 1592 2050 seriptum
1611 2013 1669 2047 est,
1683 2019 1724 2041 ne
1741 2008 1912 2052 quisquam

1175 2071 1268 2092 suum
1294 2070 1363 2092 esse
1389 2060 1512 2103 aliquid
1538 2060 1623 2092 dicat
1648 2065 1702 2093 aut
1717 2067 1912 2103 praesumat.

1174 2112 1263 2150 Quod
1289 2113 1313 2144 si
1341 2113 1509 2155 quisquam
1530 2113 1593 2145 hoc
1613 2113 1812 2156 nequissimo
1836 2113 1913 2147 vitio

1175 2165 1398 2207 deprehensus
1422 2165 1517 2196 suerit
1541 2165 1710 2206 delectari,
1742 2165 1914 2198 admonea-

1174 2223 1226 2249 tur
1250 2218 1350 2250 semel
1384 2222 1415 2250 et
1447 2218 1584 2258 iterum3
1619 2218 1643 2250 si
1676 2228 1741 2250 non
1767 2218 1915 2251 emenda-

1175 2270 1266 2309 verit,
1294 2269 1490 2302 correctioni
1514 2269 1689 2302 subiaceat.

1445 2334 1642 2357 nacmnnm.

1215 2376 1256 2413 (a)
1273 2384 1291 2404 1.
1310 2374 1461 2404 Radicitus.
1485 2374 1610 2405 Intentio
1632 2375 1750 2413 regulae
1766 2380 1820 2414 est,
1837 2377 1914 2416 quod

1175 2432 1232 2453 non
1255 2424 1347 2453 solum
1379 2424 1409 2453 in
1441 2423 1636 2453 exterioribus
1668 2424 1844 2462 amputanda
1874 2425 1913 2455 sit

1175 2472 1351 2511 proprietas,
1375 2471 1424 2501 sed
1446 2472 1532 2501 etiam
1548 2472 1664 2510 quando
1684 2473 1830 2512 praelatus
1848 2483 1913 2513 per-

1176 2521 1276 2560 pendit
1298 2521 1425 2560 aliquam
1447 2529 1508 2550 rem
1530 2521 1620 2550 nimio
1651 2521 1756 2551 affectu
1784 2522 1914 2560 posside-

1175 2569 1221 2605 ri,
1245 2570 1283 2599 ita
1314 2570 1387 2599 sorte
1419 2574 1451 2598 ut
1475 2569 1566 2598 frater
1589 2569 1739 2599 resisteret
1767 2570 1791 2599 si
1821 2569 1857 2599 ab
1878 2579 1912 2599 eo

1175 2618 1281 2647 auferri
1304 2618 1476 2655 contigeret,
1501 2621 1652 2657 propterea
1676 2622 1772 2656 patres
1793 2621 1913 2649 caveant
