2111 3157
12 225 59 252 An.
80 223 108 251 C.
126 223 189 250 1681

784 221 995 246 iNNtiCENTtt'S
1017 223 1047 245 XI
1073 222 1123 246 1³1².

194 271 338 311 fuissent,
354 271 423 315 ipso
443 271 524 304 sacto
543 271 574 304 in
592 281 714 314 poenas
739 270 922 307 canonicas,

192 324 297 367 ipsum
321 325 452 367 quidem
477 324 684 357 Verissimum
706 322 924 365 archiepisco-

194 387 269 419 pum
286 376 512 419 inquisitorem
531 377 716 419 generalem
734 376 766 407 in
784 385 922 417 poenam

192 428 354 461 interdicti
371 429 409 461 ab
430 429 580 471 ingressu
601 428 778 466 Ecclesiae,
800 431 922 458 ceteros

192 491 267 514 vero
293 481 502 524 inquisitores
527 480 709 523 praedictos
740 479 772 511 in
797 488 922 510 excom-

193 534 442 566 municationem
467 533 622 566 maiorem
647 531 827 574 respective
852 531 923 562 abs-

193 596 255 629 que
287 586 348 618 alia
379 585 598 618 declaratione
634 585 820 616 incursuros
852 592 920 614 esse

192 638 303 670 itidem
335 648 372 670 ex
404 642 481 670 tunc
512 642 609 679 prout
633 647 669 668 ex
695 636 751 668 illo
777 641 920 677 tempore

192 690 392 722 decrevimus
417 694 447 721 et
471 688 720 727 declaravimus;
747 686 922 719 absolutio-

190 752 266 774 nem
290 747 394 774 autem
420 741 459 773 ab
484 741 605 773 eisdem
629 740 742 783 poenis
769 739 862 771 nobis
890 743 922 770 et

190 794 265 826 huie
289 798 417 826 sanctae
441 793 515 826 Sedi
540 793 725 836 specialiter
748 791 922 824 reservavi-

190 857 274 879 mus.
307 847 407 879 Porro
431 856 491 879 nec
521 850 722 889 praetextum
746 844 920 887 impeditae

190 900 298 932 forsan
333 899 438 932 eidem
470 898 641 931 Verissimo
676 897 920 940 archiepiscopo

189 951 373 995 inquisitori
398 951 541 993 generali
565 950 821 993 consignationis
846 960 921 992 pro-

190 1015 338 1037 cessuum
373 1003 582 1043 huiusmodi,
608 1014 667 1036 nec
702 1004 799 1035 ullam
825 1003 919 1035 aliam

190 1057 450 1096 excusationem,
471 1061 691 1100 praetextum,
718 1067 846 1088 causam
870 1057 920 1088 vel

190 1110 473 1153 impedimentum,
503 1109 598 1142 etiam
622 1119 686 1141 non
711 1119 920 1151 expressum,

190 1174 226 1196 ac
251 1163 290 1195 de
314 1163 506 1195 necessitate
535 1162 718 1205 specialiter
742 1163 921 1205 exprimen-

191 1215 275 1253 dum,
292 1214 341 1247 illi
355 1214 536 1256 ceterisque
553 1214 798 1256 inquisitoribus
817 1225 922 1256 supra-

191 1267 291 1306 dictis,
306 1267 332 1298 si
347 1266 471 1299 eisdem
488 1266 604 1298 litteris
621 1267 751 1306 nostris,
771 1267 802 1298 in
820 1267 922 1299 omni-

190 1319 250 1351 hus
274 1323 306 1351 et
329 1328 388 1360 per
404 1318 522 1357 omnia,
545 1323 697 1361 prompte
722 1324 753 1351 et
772 1325 920 1351 accurate

191 1382 257 1404 non
292 1372 492 1414 paruissent,
524 1372 592 1404 ullo
624 1371 721 1403 modo
754 1371 921 1413 suflragari

191 1434 288 1467 posse
307 1424 477 1462 voluimus,
500 1422 672 1466 quominus
698 1428 760 1455 tam
779 1424 849 1466 ipse
869 1424 921 1457 Ve-

190 1477 335 1509 rissimus
361 1476 632 1519 archiepiscopus,
658 1487 754 1519 quam
780 1477 855 1509 dicti
874 1477 922 1509 in-

192 1528 377 1572 quisitores,
404 1528 485 1561 sicut
508 1529 746 1572 praemittitur,
776 1529 920 1573 suspensi

190 1585 395 1614 remanerent
419 1581 458 1613 ab
484 1581 569 1614 omni
598 1586 630 1613 et
653 1592 854 1625 quacumque
878 1583 922 1614 sa-

191 1634 306 1666 cultate
339 1639 371 1666 et
400 1633 590 1666 auctoritate
624 1644 656 1666 se
687 1634 856 1677 ingerendi
889 1635 920 1667 in

190 1686 293 1718 causis
306 1686 520 1729 supradictis:
540 1697 676 1729 quarum
693 1688 921 1729 cognitionem,

191 1738 327 1770 durante
352 1739 566 1781 suspensione
590 1739 796 1779 huiusmodi,
819 1745 851 1771 et
876 1740 922 1772 in-

191 1791 284 1822 terim
308 1791 346 1823 ad
371 1796 517 1823 nostrum
539 1796 570 1824 et
587 1792 690 1824 dictae
716 1792 806 1825 Sedis
824 1793 922 1825 liene-

191 1843 354 1886 placitum,
371 1844 591 1876 commisimus
611 1849 641 1876 et
659 1844 920 1877 demandavimus

191 1896 338 1928 locorum
357 1895 545 1934 Ordinariis,
561 1901 658 1938 prout
677 1896 832 1929 eiusmodi
854 1908 922 1930 cau-

192 1957 298 1980 sarum
316 1947 468 1990 cognitio,
487 1953 559 1980 ante
577 1948 808 1981 institutionem
827 1949 919 1981 officii

192 2005 319 2032 sanctae
339 2000 560 2042 Inquisitionis
578 2001 764 2033 huiusmodi
783 2002 922 2035 auctori-

192 2057 254 2085 tate
279 2053 456 2095 apostolica
479 2053 512 2085 in
537 2053 699 2086 Lusitania
723 2054 856 2094 factam,
882 2056 920 2087 ad

195 2115 249 2137 eos
269 2105 470 2148 pertinebat;
487 2106 541 2148 qui
559 2105 716 2138 Ordinarii
734 2107 871 2149 proinde
890 2108 922 2140 in

193 2157 313 2190 eisdem
338 2158 441 2190 causis
467 2158 554 2191 iuxta
578 2158 656 2191 iuris
678 2161 858 2193 communis
874 2171 923 2193 re-

193 2210 295 2251 gulas,
324 2219 359 2242 ac
379 2220 543 2242 sacrorum
566 2221 723 2244 canonum
748 2216 780 2244 et
805 2213 923 2245 consti-

193 2262 351 2294 tutionum
394 2262 641 2305 apostolicarum
677 2264 923 2307 dispositionem

192 2315 372 2356 procedere
397 2315 569 2356 deberent,
588 2326 647 2348 nos
667 2316 752 2349 enim
777 2317 855 2359 ipsis
871 2317 924 2350 Or·

194 2365 325 2399 dinariis
350 2366 395 2399 sic
418 2367 451 2399 in
475 2367 581 2400 causis
606 2367 792 2401 huiusmodi
810 2379 924 2412 proce-

195 2417 292 2450 dendi
316 2429 551 2462 quamcumque
576 2420 789 2453 necessariam
814 2427 846 2454 et
870 2433 924 2465 op-

194 2474 364 2512 portunam
381 2471 575 2512 facultatem,
590 2472 693 2505 donec
706 2477 738 2505 et
753 2483 922 2517 quousque

197 2531 215 2553 a
243 2521 336 2554 nobis
360 2528 391 2555 et
413 2523 496 2556 Sede
531 2523 697 2566 praedicta
720 2525 814 2558 aliter
837 2527 924 2560 ordi-

194 2578 304 2609 natum
326 2574 439 2608 suisset
463 2576 626 2609 dumtaxat
650 2577 846 2621 duraturam,
872 2589 924 2614 ea-

966 270 1113 301 rumdem
1141 269 1322 302 litterarum
1353 268 1438 301 serie
1471 268 1643 301 tribuimus
1670 274 1702 301 et

966 322 1121 364 impartiti
1147 333 1266 354 sumus.
1294 322 1331 354 Et
1354 322 1535 354 successive
1561 332 1619 364 pcr
1640 332 1699 354 nos

965 380 1110 417 accepto,
1136 375 1221 417 quod
1247 375 1331 406 idem
1357 374 1546 406 Verissimus
1574 375 1700 407 archie-

965 427 1119 469 piscopus
1146 428 1222 459 olim
1243 427 1416 469 inquisitor
1433 427 1592 469 generalis
1611 438 1700 459 man-

965 479 1039 510 dato
1065 484 1095 510 et
1120 484 1293 522 praecepto
1326 480 1448 512 nostris
1474 490 1571 523 super
1595 480 1701 512 consi-

964 531 1114 573 gnatione
1132 532 1288 564 dictorum
1306 544 1515 575 processuum
1532 534 1592 565 sibi
1608 534 1699 566 sactis

965 594 1028 615 non
1043 583 1211 626 paruisset,
1232 589 1261 616 et
1276 585 1412 626 proinde
1435 591 1497 618 tam
1515 585 1583 628 ipse
1605 597 1700 628 quain

964 635 1062 667 ceteri
1075 635 1150 667 olim
1166 636 1374 678 inquisitores
1387 637 1547 688 praedicti
1566 648 1699 680 suspen-

964 687 1086 719 sionem
1103 698 1119 719 a
1134 687 1198 719 suis
1211 689 1390 730 respective
1408 689 1595 722 muneribus
1613 701 1700 732 prae-

965 739 1035 771 t‘atis
1066 739 1219 782 omnique
1255 746 1413 783 potestate
1444 746 1475 773 et
1510 742 1699 774 auctoritate

964 793 1080 834 agendi
1113 803 1169 825 seu
1195 793 1411 835 procedendi,
1442 798 1495 826 aut
1519 794 1598 827 alias
1623 806 1701 838 quo·

964 845 1142 878 modolihet
1161 856 1194 878 se
1212 845 1383 888 ingerendi
1401 846 1432 878 in
1448 846 1553 879 causis
1571 847 1610 880 ad
1628 858 1700 879 san-

963 902 1049 930 ctum
1065 898 1286 940 Inquisitionis
1307 898 1447 931 officium
1469 899 1582 942 quovis
1602 900 1699 932 modo

963 951 1183 992 spectantibus
1197 977 1204 991 ,
1240 951 1416 984 incurrisse
1451 952 1698 995 reperirentur:

964 1014 1034 1043 nos,
1049 1004 1092 1036 ita
1105 1004 1312 1047 adJOninium,
1332 1015 1471 1047 quorum
1484 1004 1650 1045 intererat,
1669 1010 1700 1037 et

964 1057 996 1088 in
1017 1057 1158 1088 futurum
1183 1057 1370 1097 interesset,
1389 1057 1546 1097 notitiam,
1563 1068 1603 1090 ne
1629 1058 1699 1100 quis

965 1108 1094 1140 illorum
1120 1108 1303 1150 ignorantia
1336 1109 1440 1140 forsan
1472 1109 1696 1151 deciperetur,

965 1162 1080 1194 deduci
1104 1162 1262 1199 volentes,
1286 1166 1387 1200 motu,
1410 1162 1554 1201 scicntia,
1576 1162 1698 1195 delibe-

966 1215 1088 1247 ratione
1102 1219 1133 1246 et
1149 1213 1318 1257 potestatis
1335 1214 1538 1256 plenitudine
1555 1215 1697 1257 paribus,

966 1277 1024 1310 per
1048 1267 1127 1299 alias
1152 1272 1278 1299 nostras
1303 1266 1398 1298 etiam
1418 1266 1449 1298 in
1468 1266 1569 1298 forma
1589 1267 1698 1299 Brevis

966 1321 1017 1353 die
1044 1329 1129 1352 xxvn
1153 1320 1230 1351 maii
1255 1329 1413 1352 iiuCLxxrx
1433 1325 1594 1352 emanatas
1619 1319 1700 1353 litte-

966 1383 1025 1412 ras,
1051 1377 1263 1404 memoratum
1288 1371 1544 1404 Verissimimuni
1570 1373 1698 1405 archie-

965 1425 1132 1467 piscopum
1156 1424 1233 1456 olim
1258 1423 1482 1466 inquisitorem
1503 1426 1697 1466 generalem,

965 1482 1154 1519 ceterosque
1171 1477 1249 1509 olim
1269 1476 1481 1519 inquisitores
1502 1478 1698 1519 praedictos,

965 1529 1006 1562 ol)
1031 1540 1097 1562 non
1122 1529 1310 1572 praestitam
1335 1529 1487 1561 mandato
1516 1534 1548 1561 et
1571 1540 1699 1572 praece-

965 1588 1019 1625 pto
1043 1581 1162 1614 nostris
1195 1581 1379 1614 huiusmodi
1411 1581 1496 1614 circa
1528 1583 1699 1625 consigna-

965 1636 1088 1668 tionem
1122 1644 1332 1678 processuum
1368 1634 1629 1676 supradictorum
1665 1636 1697 1668 in

965 1688 1112 1720 manibus
1131 1687 1288 1731 praedicti
1304 1686 1446 1719 Marcelli
1461 1687 1697 1731 archiepiscopi

964 1746 995 1774 et
1019 1740 1128 1773 nuncii
1172 1745 1208 1771 ut
1242 1739 1423 1782 praefertur
1464 1739 1641 1772 faciendam
1667 1740 1699 1773 in

966 1793 1104 1826 termino
1129 1803 1227 1835 supra
1263 1801 1415 1834 expresse
1450 1792 1591 1825 debitam
1616 1793 1698 1836 pari-

965 1846 1098 1885 tionem,
1117 1855 1155 1877 eo
1176 1845 1248 1887 ipso
1274 1843 1488 1886 supradictam
1512 1845 1699 1887 suspensio-

966 1909 1038 1931 nem
1053 1897 1235 1936 incurrisse,
1252 1906 1287 1929 ac
1303 1896 1440 1939 proinde
1455 1896 1570 1937 statim,
1585 1898 1698 1941 elapso

966 1950 1105 1983 termino
1129 1949 1337 1989 huiusmodi,
1359 1959 1414 1981 eos
1438 1959 1552 1982 omnes
1578 1954 1610 1982 et
1633 1950 1699 1982 sin-

966 2004 1057 2045 gulos
1082 2002 1203 2034 nullam
1223 2001 1355 2034 omnino
1368 2000 1401 2033 in
1418 2001 1560 2034 materiis
1574 2002 1612 2034 ad
1631 2012 1698 2034 san-

965 2061 1051 2088 ctum
1065 2054 1284 2097 Inquisitionis
1300 2053 1440 2086 officium
1455 2054 1700 2097 quomodolibet

965 2107 1202 2151 pertinentibus
1235 2106 1493 2139 iurisdictionem
1522 2106 1697 2149 habuisse,

966 2171 1025 2193 nec
1043 2165 1119 2192 tunc
1136 2160 1275 2199 habere;
1294 2165 1325 2192 et
1344 2164 1518 2203 propterea
1542 2160 1650 2193 omnia
1667 2166 1700 2194 et

965 2212 1093 2255 singula
1112 2222 1173 2255 per
1189 2211 1323 2244 eosdem
1341 2217 1430 2254 gesta
1446 2216 1520 2255 post
1536 2211 1699 2245 incursum

966 2265 1069 2297 dictae
1094 2263 1337 2307 suspensionis,
1371 2268 1403 2296 et
1426 2264 1451 2296 si
1476 2274 1558 2307 quae
1590 2264 1699 2297 forsan

966 2326 1025 2360 per
1049 2326 1106 2349 eos
1132 2315 1164 2348 in
1189 2321 1358 2358 posterum
1381 2321 1558 2358 agerentur
1580 2316 1614 2350 in
1633 2327 1700 2350 ma-

967 2368 1054 2401 teriis
1089 2368 1120 2401 S.
1155 2368 1256 2401 Officii
1285 2368 1470 2402 huiusmodi
1489 2395 1497 2409 ,
1533 2369 1575 2402 ob
1610 2369 1701 2403 dese-

965 2427 1052 2455 ctum
1082 2421 1333 2461 iurisdictionis,
1357 2422 1486 2465 penitus
1512 2427 1543 2456 et
1567 2422 1700 2456 omnino

965 2475 1052 2507 nulla
1078 2479 1110 2507 et
1133 2474 1275 2507 invalida
1301 2474 1402 2507 fuisse
1431 2480 1462 2507 et
1485 2485 1556 2508 esse
1575 2486 1611 2508 ac
1630 2476 1700 2509 sore

965 2526 1224 2560 declaravimus¹.
1241 2526 1397 2568 Quinim0‚
1412 2538 1484 2561 cum
1501 2539 1517 2561 a
1534 2529 1699 2563 nonnullis

1001 2590 1012 2617 1
1035 2588 1106 2616 Edit.
1123 2588 1204 2616 Μελίη.
1220 2589 1286 2626 legit
1300 2589 1482 2619 declaramus
1496 2592 1533 2627 (a.
1549 2590 1600 2627 τ.).
1683 2578 1700 2584 ’Υ

1598 211 1662 244 407
1708 220 1756 246 An.
1775 220 1802 248 c.
1827 221 1889 248 1081
