2111 3157
128 218 176 244 An.
197 217 225 245 c.
246 217 313 245 iaso
358 209 423 242 322

322 268 371 307 qui
394 268 505 298 litteras
526 267 684 307 recipiunt,
701 269 857 306 antequam
879 274 929 295 eas
950 266 1058 303 legant,

322 321 478 347 teneantur
499 316 610 346 clausas
634 315 761 354 praelato
787 323 839 344 suo
861 317 1059 353 praesentare,

322 376 395 406 quas
410 366 542 396 volumus
568 364 686 394 omnino
702 368 730 393 et
746 363 880 393 iuhemus
896 367 927 393 ut
945 372 960 393 a
980 372 1062 402 prae-

322 416 381 444 lato
403 415 448 444 vel
469 413 619 453 superiore
641 412 796 450 legantur3
820 415 860 449 et,
877 411 901 441 si
917 412 959 441 eis
981 412 1061 441 vide-

323 463 414 499 bitur,
437 463 506 499 illis,
530 461 634 500 quibus
657 461 786 490 directae
808 464 896 498 sunt,
920 460 1059 490 reddant:

324 511 371 540 cui
397 519 512 550 quoque
539 509 716 539 ordinationi
738 509 872 539 volumus
894 512 922 538 et
943 508 1062 538 abbates

323 559 456 589 titulares
478 558 596 587 omnino
618 566 681 588 esse
703 557 869 587 subiectos:

363 616 401 636 iv.
424 607 486 636 'Nisi
513 607 585 636 forte
613 606 852 645 Congregationis
882 607 979 645 sigillo
1002 607 1062 636 Pam

324 660 421 686 essent
443 655 595 694 signatae;
620 656 672 685 has
701 655 779 685 enim
807 664 860 685 nec
882 665 897 685 a
919 656 1059 695 praelato,

323 715 378 735 nce
400 714 415 734 a
437 705 653 741 convisitatore‚
671 714 724 734 nec
740 714 753 734 a
771 708 852 744 patre
868 705 1059 744 praesidente,

324 762 377 783 nec
400 763 415 782 a
437 753 539 792 quovis
561 753 616 783 alio
638 753 744 792 aperiri
767 753 960 792 permittimus
974 775 981 788 ,
1005 753 1061 782 nisi

325 801 360 831 ab
382 802 417 831 iis
439 802 598 838 dumtaxat,
622 801 728 841 quibus
754 801 936 840 diriguntur,
959 801 1004 831 rel
1026 801 1060 831 de

324 859 424 880 eorum
437 851 595 887 voluntate,
609 854 727 889 excepto
749 859 817 880 casu
839 849 1061 887 urgentissimae

324 899 517 928 necessitatis.
557 899 611 934 Qui
647 903 743 928 autem
781 898 1006 936 contrafecerit,
1036 899 1059 927 si

324 947 412 977 suerit
433 947 602 987 praesidens
623 947 669 976 vel
691 948 878 977 convisitator
905 950 953 976 aut
982 956 1061 985 prae-

324 996 410 1032 latus,
436 995 527 1025 tribus
550 996 651 1034 primis
673 996 754 1025 seriis
777 995 966 1034 sequentibus
988 995 1061 1024 ieiu-

324 1049 374 1074 net
396 1045 425 1074 in
449 1054 523 1083 pane
540 1048 568 1074 et
584 1046 659 1083 aqua
675 1048 802 1078 secreto;
820 1045 844 1074 si
866 1053 933 1074 vero
956 1044 1060 1083 aliquis

325 1103 359 1122 ex
382 1094 533 1122 monachis
557 1093 655 1129 suerit,
672 1093 782 1122 ieiunet
804 1093 913 1132 pariter
933 1093 963 1122 in
980 1101 1062 1131 prae-

324 1142 408 1171 dietis
430 1141 524 1171 tribus
537 1141 639 1171 diebus
658 1141 688 1170 in
711 1149 785 1180 pane
801 1144 828 1170 et
843 1142 919 1180 aqua
937 1141 967 1170 in
983 1142 1061 1169 terra

324 1191 353 1220 in
377 1190 545 1227 refectori03
568 1199 622 1220 nec
644 1190 679 1219 ab
701 1189 798 1228 aliquo
820 1189 982 1228 dispensari
999 1198 1062 1227 pos-

324 1237 372 1274 sit,
396 1237 452 1265 nisi
475 1236 505 1265 in
528 1237 617 1266 causa
639 1235 827 1273 gravissimae
850 1235 1040 1264 infirmitatis.

364 1294 391 1314 v.
416 1284 474 1314 Sub
490 1285 592 1314 eadem
607 1293 722 1323 quoque
738 1285 833 1322 poena
850 1283 981 1315 districte
997 1292 1063 1322 pro-

324 1333 457 1363 hibemus
484 1333 561 1372 quod
588 1341 673 1362 nemo
695 1332 826 1370 litteras,
850 1331 925 1370 patri
953 1331 1062 1371 praesi-

324 1382 427 1418 denti,
457 1381 660 1411 detinitorihus
692 1384 742 1409 aut
773 1380 915 1409 visitatori
944 1379 1063 1409 cuilibet

324 1430 369 1459 vcl
392 1430 529 1468 regimini
552 1429 627 1459 intra
651 1438 759 1458 annum
782 1429 925 1466 directas⁷
950 1428 1007 1457 nisi
1029 1428 1063 1457 de

325 1479 473 1508 voluntate
496 1487 598 1508 eorum
620 1478 655 1507 ad
685 1487 758 1516 quos
785 1477 973 1515 diriguntur,
997 1485 1065 1515 ape-

325 1528 384 1558 rire
408 1531 586 1567 praesumat.
606 1526 687 1562 Quod
708 1527 732 1556 si
755 1526 820 1565 quis
842 1526 876 1556 de
898 1525 1063 1556 huiusmodi

325 1577 414 1615 culpa
441 1576 592 1606 convictus
621 1576 726 1613 suerit,
750 1575 775 1604 si
801 1574 920 1614 quidem
948 1575 1064 1604 litterae

324 1626 432 1655 suerint
448 1625 577 1654 munitae
592 1624 686 1662 sigillo
708 1624 779 1661 Pam,
792 1624 867 1653 ultra
886 1624 1064 1662 praedictam

325 1683 460 1713 poenam,
478 1677 533 1702 stet
549 1672 724 1710 degradatus
747 1681 798 1711 per
819 1681 965 1708 mensem,
989 1672 1064 1710 quod

325 1723 349 1752 si
373 1722 518 1761 praelatus
547 1721 653 1758 fuerit,
677 1720 753 1750 dicat
782 1729 815 1749 ex
844 1720 946 1749 ordine
973 1724 1064 1749 totum

325 1770 496 1810 psalterium
510 1795 517 1807 ‚
542 1774 570 1799 et
592 1769 701 1799 ieiunet
724 1772 769 1798 ter
790 1769 820 1798 in
843 1778 917 1807 pane
939 1773 967 1798 et
988 1770 1065 1808 aqua

324 1822 452 1849 secreto:
484 1819 508 1848 si
536 1821 633 1847 autem
660 1826 718 1847 non
746 1817 855 1847 suerint
877 1817 1005 1846 munitae
1027 1818 1065 1846 si-

325 1868 395 1905 gillo
421 1867 503 1901 Patr,
528 1871 582 1896 stet
614 1866 788 1904 degradatus
817 1874 869 1904 per
898 1866 1064 1904 quindecim

325 1917 404 1954 dies,
429 1920 471 1952 et,
496 1916 520 1945 si
542 1915 688 1954 praelatus
710 1915 817 1952 suerit,
841 1914 918 1944 dicat
940 1914 1064 1953 psalmos

326 1965 560 2003 poenitentiales,
584 1968 611 1993 et
633 1963 753 1999 ieiunet,
777 1968 808 1992 ut
830 1972 929 2001 supra.

365 2021 403 2042 vi.
428 2013 544 2043 Eisdem
563 2020 678 2051 quoque
694 2012 795 2050 poenis
812 2012 955 2050 praelatos
971 2015 998 2040 et
1014 2020 1065 2040 no-

325 2067 400 2091 stros
423 2069 633 2100 quoscumque,
657 2060 707 2099 qui
730 2060 841 2090 litteras
863 2060 949 2089 etiam
973 2060 1067 2098 priva-

326 2111 362 2140 tis
385 2110 488 2148 sigillis
510 2109 649 2147 munitas⁷
670 2109 714 2138 vel
736 2109 911 2147 cuicumque
927 2108 1063 2143 directaS,

325 2158 502 2197 intercipere
520 2167 570 2187 seu
587 2158 702 2196 aperire
721 2156 981 2196 praesumpserint,
1000 2155 1067 2185 sub-

325 2207 421 2236 iacere
444 2206 645 2235 decernimus:
669 2205 793 2235 servatis
815 2202 922 2239 tamen,
947 2205 1066 2243 quaein

327 2254 513 2293 praecedenti
543 2264 623 2283 num.
647 2263 677 2283 111
705 2257 876 2284 statuuntur
903 2253 938 2282 de
961 2252 1067 2281 litteris

327 2312 398 2341 quas
420 2302 552 2332 scribunt
573 2306 600 2332 et
622 2302 767 2341 recipiunt
788 2302 906 2331 fratres.

367 2359 414 2379 vn.
432 2350 551 2379 Praeter
569 2359 653 2379 casus
669 2350 843 2388 praedictos,
858 2349 912 2386 illi,
927 2349 988 2388 qui,
1004 2348 1067 2377 sine

328 2398 449 2428 licentia
471 2398 609 2436 praelati,
637 2407 689 2427 seu
712 2398 883 2437 scripserint
912 2406 961 2427 seu
991 2397 1068 2426 litte-

328 2456 375 2476 ras
397 2446 432 2475 ad
454 2455 483 2475 se
506 2446 630 2475 directas
654 2447 789 2484 legerint,
814 2446 929 2485 quoties
952 2449 1068 2475 contra-

328 2495 475 2532 venerint,
493 2495 577 2525 toties
600 2495 732 2524 ieiunent
754 2496 783 2524 in
807 2504 881 2534 pane
898 2498 926 2524 et
948 2495 1024 2533 aqua
1037 2493 1066 2523 in

326 2544 493 2579 refectorio,
516 2552 570 2573 nec
592 2543 677 2572 aliter
698 2543 861 2581 dispensari
884 2543 1005 2581 possint.

365 2603 426 2626 vm.
465 2592 632 2622 Mandamus
667 2595 764 2621 autem
801 2591 999 2622 visitatoribus
1037 2594 1067 2621 ut

900 217 1080 242 BULLARlUM
1104 215 1256 242 ROMANUM

1103 264 1178 295 hanc
1199 265 1410 296 ordinationem
1437 269 1574 303 servent,
1597 268 1625 296 et
1646 265 1767 305 praelati
1789 264 1840 296 ob-

1103 322 1219 343 servare
1242 313 1358 343 saciant.

1143 371 1182 392 lx.
1206 362 1387 401 Quicumque
1410 371 1477 392 vero
1499 371 1533 392 ex
1555 362 1656 392 nostra,
1677 362 1839 401 Congrega-

1104 412 1199 448 tione,
1223 412 1338 441 etiamsi
1360 412 1469 441 suerint
1491 411 1602 441 ostiarii
1623 410 1668 441 vel
1690 411 1836 450 hospites,

1103 461 1266 490 deserentes
1288 460 1399 490 litteras
1421 459 1467 489 vel
1490 459 1681 497 munuscula,
1710 460 1838 498 praelato

1104 518 1136 539 ea
1160 509 1257 538 statim
1280 511 1476 548 praesentent,
1499 511 1527 538 et
1548 507 1621 538 nihil
1648 508 1761 546 dicant,
1785 517 1838 538 nec

1104 557 1210 597 quibus
1233 557 1399 595 diriguntur
1414 581 1421 595 ,
1444 565 1498 586 nec
1527 556 1602 586 aliis.
1626 556 1839 586 Contrat'aeien-

1103 610 1157 643 tes,
1181 606 1279 636 dicant
1303 614 1384 636 suam
1407 605 1520 645 culpam
1542 605 1572 635 in
1597 605 1733 644 capitulo,
1750 608 1777 635 et
1792 614 1839 635 co-

1103 654 1221 684 medant
1241 654 1271 684 in
1294 654 1375 684 terra
1395 653 1425 684 in
1448 653 1612 684 refectorio.

1104 726 1199 756 CAPUT
1221 725 1276 755 LV.
1295 741 1334 748 —
1356 724 1394 755 De
1416 725 1583 754 vestimentis
1604 728 1629 754 et
1650 724 1839 754 calceamentis

1403 775 1535 813 fratrum.

1147 844 1342 878 Vestimenta
1369 844 1521 877 fratribus
1550 844 1727 877 secuudum
1752 845 1840 877 loco-

1103 909 1172 931 rum
1210 897 1398 941 qualitatem
1428 897 1483 929 ubi
1519 896 1668 929 habitant
1701 897 1751 929 vel
1787 898 1840 930 ac-

1105 961 1175 983 rum
1201 950 1392 993 temperiem
1413 950 1548 982 dentur:
1575 949 1650 992 quia
1665 948 1698 982 in
1716 948 1839 991 frigidis

1104 1003 1293 1045 regionibus
1318 1002 1457 1045 amplius
1483 1001 1666 1043 indigetur;
1698 1000 1731 1034 in
1764 1001 1840 1034 cali-

1105 1056 1153 1088 dis
1178 1066 1254 1088 vero
1281 1054 1396 1087 minus.
1432 1055 1519 1087 Ilaec
1547 1064 1625 1097 ergo
1660 1053 1840 1087 considera-

1105 1108 1149 1141 tio
1174 1118 1275 1151 penes
1299 1107 1448 1140 abbatem
1473 1107 1525 1140 sit.
1552 1107 1616 1140 Nos
1640 1112 1747 1139 tamen
1772 1116 1840 1139 me-

1105 1161 1268 1194 diocribus
1299 1161 1380 1194 locis
1417 1159 1563 1193 sufficere
1588 1159 1748 1192 credimus
1771 1168 1840 1192 mo-

1105 1214 1216 1247 nachis
1230 1224 1290 1257 per
1303 1213 1446 1255 singulos
1463 1213 1623 1245 cucullam
1638 1216 1669 1245 et
1684 1211 1838 1252 tunicam;

1105 1268 1264 1300 cucullam
1289 1266 1322 1298 in
1347 1265 1454 1298 hieme
1479 1265 1636 1305 villosam,
1662 1265 1695 1297 in
1716 1269 1840 1298 aestate

1106 1330 1228 1363 puram,
1243 1324 1296 1352 aut
1312 1324 1485 1359 vetustam3
1502 1323 1534 1351 et
1550 1319 1752 1361 scapularem
1771 1328 1841 1360 pro-

1105 1377 1177 1415 pter
1200 1382 1310 1414 opera.
1337 1371 1527 1404 Indumenta
1549 1371 1680 1413 pedum,
1704 1370 1841 1413 pedules

1106 1430 1138 1458 et
1151 1424 1280 1466 caligas.
1299 1424 1346 1467 (a)
1360 1423 1403 1456 De
1418 1433 1553 1466 quarum
1570 1433 1679 1455 rerum
1694 1422 1841 1455 omnium

1106 1479 1214 1511 colore
1240 1481 1295 1509 aut
1320 1475 1538 1518 grossitudine
1567 1485 1634 1508 non
1667 1480 1842 1507 causentur

1106 1529 1269 1569 monachi,
1286 1529 1343 1561 sed
1360 1529 1471 1571 quales
1491 1527 1629 1560 inveniri
1650 1533 1790 1570 possunt
1808 1527 1842 1560 in

1106 1582 1294 1626 provincia,
1321 1591 1384 1624 qua
1416 1581 1559 1623 degunt,
1595 1584 1650 1612 aut
1681 1580 1728 1624 (b)
1753 1580 1842 1623 quod

1105 1635 1199 1668 vilius
1225 1634 1407 1677 comparari
1432 1638 1550 1676 potest.

1150 1687 1257 1720 Abbas
1282 1692 1387 1719 autem
1411 1686 1453 1729 (c)
1486 1686 1525 1719 dc
1549 1687 1704 1719 mensura
1734 1686 1843 1729 provi-

1107 1741 1192 1780 deat,
1218 1745 1253 1772 ut
1272 1750 1339 1773 non
1363 1739 1426 1772 sint
1446 1744 1534 1771 curta
1559 1739 1628 1782 ipsa
1651 1738 1843 1771 vestimenta

1106 1793 1272 1826 utentibus
1297 1792 1352 1833 eis,
1378 1791 1435 1824 sed
1459 1797 1657 1824 mensurata.
1678 1789 1846 1834 Accipien-

1108 1852 1153 1879 tes
1188 1856 1288 1886 nova,
1323 1849 1434 1878 vetera
1470 1854 1601 1888 semper
1635 1844 1774 1877 reddant
1810 1843 1844 1876 in

1106 1898 1270 1942 praesenti
1300 1898 1492 1941 reponenda
1524 1897 1555 1929 in
1584 1896 1735 1929 vestiario
1768 1906 1844 1940 pro-

1106 1958 1179 1996 pter
1203 1961 1375 1995 pauperes.
1406 1950 1529 1983 Sufficit
1564 1951 1651 1983 enim
1682 1950 1844 1983 monacho

1108 2006 1160 2048 (sl)
1186 2005 1266 2038 duas
1304 2003 1427 2036 tunicas
1453 2009 1485 2036 et
1509 2003 1588 2036 duas
1613 2003 1756 2035 cucullas
1788 2002 1845 2034 ha-

1108 2058 1183 2091 bere
1201 2062 1336 2101 propter
1352 2057 1457 2089 lavare
1476 2056 1563 2099 ipsas
1584 2066 1656 2096 res3
1676 2055 1738 2088 iam
1759 2055 1846 2098 quod

1108 2121 1205 2153 supra
1231 2109 1336 2149 suerit,
1368 2109 1568 2152 superfluum
1604 2112 1653 2141 est
1677 2113 1709 2141 et
1732 2117 1846 2151 ampu-

1109 2163 1168 2195 tari
1195 2162 1309 2201 (leber,
1335 2166 1367 2194 et
1390 2161 1539 2204 pedules,
1564 2166 1595 2193 et
1619 2161 1846 2204 quodcumque

1109 2220 1156 2248 est
1192 2219 1366 2253 vetustum,
1404 2214 1551 2255 reddant,
1578 2214 1653 2247 dum
1684 2213 1848 2256 accipiunt

1109 2278 1239 2301 novum.
1266 2267 1459 2307 Femoralia,
1481 2267 1500 2298 ii
1528 2267 1581 2310 qui
1602 2266 1787 2308 diriguntur
1813 2266 1847 2298 111

1108 2321 1168 2360 via,
1187 2320 1226 2353 de
1249 2319 1398 2352 vestiario
1423 2319 1590 2362 accipiant,
1608 2318 1662 2361 qui
1680 2321 1848 2350 reverten-

1110 2378 1156 2405 tes
1182 2374 1248 2406 lota
1278 2372 1323 2405 ibi
1351 2372 1535 2405 restituant.
1569 2371 1607 2404 Et
1638 2371 1782 2403 cucullae
1815 2374 1849 2403 et

1110 2426 1237 2458 tunicae
1256 2425 1320 2458 sint
1345 2425 1511 2469 aliquanto
1528 2424 1577 2465 iis,
1597 2422 1696 2467 quos¹
1722 2423 1847 2456 habere

1109 2479 1194 2512 soliti
1220 2483 1313 2519 sunt,
1338 2478 1466 2511 modice
1492 2477 1657 2518 meliores,
1688 2486 1767 2521 quas
1794 2486 1848 2509 ex-

1146 2595 1157 2621 1
1179 2593 1276 2629 Aptius
1290 2593 1349 2629 lege
1369 2601 1441 2629 quas
1461 2592 1497 2629 (n.
1513 2592 1563 2628 T.).

1840 217 1890 245 An.
1912 218 1941 246 C.
1964 217 2033 248 1680

1896 855 2033 881 Assianantur

1850 887 1918 901 omnia
1976 888 2031 904 iuxta

1850 908 1972 933 qualitatem
1989 910 2032 930 luci

1850 936 1871 953 et.
1886 936 1992 960 [emporis.

1873 1693 1904 1714 De
1917 1699 1988 1714 eorum
1999 1700 2036 1714 nu-

1853 1726 1910 1741 mero
1933 1721 2036 1747 qualitate

1855 1749 1875 1767 et.
1890 1753 1936 1768 usu.
