2111 3157
198 177 247 203 An.
269 176 297 204 e.
319 176 386 202 1088
432 165 495 200 808

214 1879 281 1899 Circi·
300 1878 323 1900 V.

203 1905 232 1925 lue
249 1907 317 1926 unit-10
332 1907 362 1925 it-

176 1937 227 1951 caru
256 1935 277 1953 ct
306 1936 360 1953 auti—

177 1960 263 1985 qviioris.

389 231 443 268 get
466 225 505 258 ad
529 222 740 268 sequendum,
767 219 920 263 quoniam
946 229 984 251 ex
1008 219 1126 251 multo-

390 290 460 312 rum
495 278 611 312 auditis
648 274 773 308 iudiciis
804 272 971 305 instruitur
1002 276 1034 305 et
1068 271 1123 304 in—

388 333 542 366 formatur
577 329 703 363 animus
740 325 965 360 consultantis.
992 325 1027 358 In
1051 325 1122 358 aliis

386 391 506 424 autem,
531 384 564 416 in
590 382 708 426 quibus
743 379 944 412 necessarius
971 383 1018 411 est
1043 389 1120 411 con-

386 448 501 470 sensus
521 442 551 469 et
575 441 647 469 vota
669 444 782 468 eorum
811 432 866 476 qui
887 431 1117 474 requiruntur,

384 501 449 524 non
470 495 518 523 est
535 489 674 523 liberum
698 487 799 532 priori
817 486 920 519 facere
938 485 1025 528 quod
1042 486 1118 525 vult,

382 543 437 576 sed
463 548 590 576 tenetur
615 542 705 585 sequi
738 541 895 574 maiorem
920 545 1044 583 partem
1070 540 1117 572 sui

381 602 559 630 conventus
573 624 580 637 ‚
599 606 695 640 quem
716 600 792 628 tunc
813 599 915 627 totum
936 603 1116 626 convocare

381 650 489 683 debet.
717 688 719 690 ,

423 713 471 737 111.
509 703 656 736 Ceterum
689 701 858 746 hospites,
885 711 951 735 non
975 701 1115 744 promoti

378 756 417 789 ad
433 756 713 795 subdiaconatum,
731 756 763 788 in
782 755 953 799 disciplina
970 755 1114 797 generali

377 808 553 848 constituti,
575 809 749 848 criminosi,
774 808 908 851 fugitivi,
934 807 1112 847 interdicti,

377 862 536 906 suspensi,
551 862 831 902 excommunicati,
846 872 910 894 non
928 861 1051 894 habent
1065 871 1114 894 vo-

375 925 444 948 cem
469 916 502 949 in
527 915 717 949 necessariis
742 914 955 948 tractatibus:
982 919 1112 957 propte—

375 978 429 1001 rea
443 968 569 1012 priores
590 969 724 1002 illorum
743 978 838 1001 voces
856 967 1024 1011 requIrere
1047 977 1111 1001 non

375 1026 539 1055 tenentur.

418 1085 460 1108 1v.
487 1075 555 1108 Hoc
575 1079 683 1108 autem
707 1075 739 1107 in
763 1073 954 1107 tractatibus
979 1079 1011 1107 et
1035 1085 1111 1107 con-

373 1127 454 1161 siliis
481 1128 688 1162 conserendis
709 1127 841 1161 omnino
863 1132 1026 1171 tamquam
1048 1129 1109 1161 uti-

375 1180 530 1214 tissimum
558 1181 839 1224 rectissimumque
861 1181 981 1214 servari
1001 1181 1107 1222 debet,

372 1238 407 1266 ut
433 1244 529 1267 nenio
564 1245 654 1267 suam
678 1236 728 1268 vel
753 1234 883 1268 alterius
907 1234 1107 1268 contentiose

372 1292 555 1331 praesumat
586 1288 764 1320 defendere
799 1288 849 1321 vel
887 1288 1023 1322 aliorum
1050 1288 1109 1320 im-

372 1351 517 1383 pugnare
543 1341 756 1381 sententiam,
778 1351 818 1373 ne
844 1341 965 1374 bonurn
992 1342 1108 1374 consili

371 1392 404 1425 in
430 1393 639 1433 discordiam,
670 1394 758 1437 quod
782 1393 875 1433 absit,
902 1394 1107 1438 furoremque

370 1451 525 1478 vertatur.
553 1446 610 1485 Qui
641 1457 717 1480 vero
748 1447 994 1487 contrafecerit,
1021 1453 1053 1480 et
1076 1447 1108 1480 in

372 1499 423 1532 his
447 1500 543 1533 fuerit
560 1507 719 1541 assuetus,
739 1501 1036 1544 commonitusque¹
1058 1512 1107 1534 re-

371 1552 525 1596 sipiscere
550 1554 709 1594 noluerit,
737 1560 896 1598 tamquam
931 1555 1018 1598 pacis
1045 1560 1109 1587 tur-

371 1606 464 1639 bator
489 1617 505 1639 a
530 1607 756 1641 communibus
790 1608 977 1641 tractatibus
1002 1609 1108 1641 exclu-

371 1659 486 1699 datur;
523 1662 629 1703 poena
663 1660 878 1694 nihilominus
914 1662 1106 1704 plectendus

371 1712 527 1755 graviori,
544 1724 635 1756 quae,
650 1724 709 1757 pro
734 1714 830 1747 modo
855 1715 970 1757 culpae
989 1719 1019 1746 et
1036 1725 1107 1747 con-

371 1765 492 1799 ditione
518 1766 752 1811 delinquentis,
778 1768 954 1801 remittitur
973 1768 1108 1801 arbitrio

369 1819 598 1862 praesidentis.

413 1882 436 1906 1.
464 1873 554 1906 Prior
586 1874 723 1917 quilibet
753 1885 851 1908 unum
883 1886 918 1908 ex
952 1874 1017 1908 suis
1042 1886 1108 1908 mo-

371 1926 484 1959 nachis
510 1927 663 1960 vicarium
699 1929 796 1961 talem
826 1928 886 1961 sibi
913 1929 1030 1971 eligat,
1058 1929 1106 1961 cui

370 1984 438 2013 tuto
462 1990 550 2012 suam
576 1980 678 2022 possit
709 1981 939 2014 conscientiam
965 1982 1109 2015 commit-

370 2038 448 2072 tere,
474 2038 506 2066 et
530 2033 561 2065 in
587 2034 683 2065 rebus
710 2034 817 2067 arduis
841 2034 928 2067 bono
954 2045 1010 2078 per
1036 2046 1106 2067 eum

371 2085 469 2118 iuvari
485 2086 631 2119 consilio.
649 2086 705 2124 Qui
724 2087 832 2127 etiarn,
850 2088 983 2121 absente
1002 2093 1033 2121 et
1054 2089 1108 2120 im-

371 2139 481 2182 pedito
507 2140 628 2182 priore,
646 2141 763 2173 ceteris
789 2142 938 2184 exemplo
964 2146 995 2174 et
1011 2142 1107 2174 verbo

371 2193 587 2234 praelucere,
630 2198 661 2226 et
696 2204 807 2227 omncs
842 2194 871 2227 in
903 2195 1107 2227 observantia

372 2246 511 2288 regulari
538 2252 567 2279 et
592 2250 702 2280 sancta
726 2258 804 2290 pace
837 2247 1014 2287 continere,
1042 2258 1108 2280 ma-

372 2304 529 2342 ternaque
554 2300 704 2333 omnibus
729 2301 850 2341 ubera,
878 2301 1017 2334 maxime
1040 2306 1108 2333 tcu-

373 2352 455 2389 tatis,
480 2352 625 2393 infirmis,
647 2353 780 2392 afflictis,
807 2354 946 2393 novitiis,
966 2354 1108 2386 noviter·
1128 2371 1130 2387 t

372 2414 434 2446 que
450 2406 613 2447 professis,
637 2406 801 2439 fructuose
819 2407 973 2440 exhibere
990 2408 1105 2440 valeat.

371 2457 471 2499 Igitur
486 2468 553 2490 esse
573 2459 705 2491 debebit
725 2461 930 2503 exemplaris,
947 2461 1108 2493 sufficicn-

372 2515 420 2544 ter
446 2511 571 2550 doctus,
598 2517 752 2553 maturus,
780 2513 959 2555 benignus,
987 2514 1108 2546 zelator

409 2573 420 2600 1
444 2571 514 2599 Edit.
531 2572 609 2599 Μαίη.
627 2574 692 2608 legit
708 2576 954 2610 communiumque
969 2575 1006 2605 (n.
1026 2575 1074 2608 τ.),

972 170 1070 194 num
1077 169 1150 193 uim!
1175 168 1326 193 Romnum

1166 217 1294 250 Ordinis
1318 222 1349 251 et
1373 217 1596 251 observantiae
1620 219 1785 261 regularis,
1806 229 1902 264 prae-

1165 270 1278 314 cipuus
1303 275 1428 304 amator
1450 270 1539 314 pacis
1564 276 1597 304 et
1617 271 1761 305 unitatis.

1208 334 1243 356 11.
1258 323 1410 364 Vicarius,
1424 324 1556 357 absente
1577 325 1627 358 vel
1646 324 1801 368 impedito
1818 327 1901 370 prio-

1164 387 1207 416 re,
1225 376 1309 410 vices
1328 377 1396 410 eius
1412 377 1477 419 agit
1489 377 1521 410 in
1537 377 1703 411 visitandis
1720 380 1898 422 monachis,

1162 430 1301 463 licentiis
1329 430 1443 463 dandis
1462 431 1519 474 (a),
1543 431 1803 466 confessionibus
1820 433 1900 467 reci-

1161 482 1304 525 piendis,
1331 483 1528 526 innngendis
1561 489 1592 517 et
1619 485 1898 520 communicandis

1161 536 1305 577 infirmis,
1320 548 1386 570 non
1400 542 1523 571 tantum
1536 538 1715 579 monachis,
1734 539 1789 572 sed
1801 540 1896 574 etiam

1159 591 1331 631 conversis,
1357 590 1484 625 donatis
1505 596 1537 624 et
1559 592 1769 626 mercenariis
1784 592 1818 626 in
1843 593 1899 629 d0÷

1160 654 1211 676 mo
1232 644 1396 688 superiori
1417 644 1664 686 infirmantibus,
1683 644 1897 690 insepelien-

1159 697 1207 729 dis
1232 697 1383 738 mortuis,
1409 697 1441 730 in
1478 698 1646 731 cantandis
1681 697 1790 732 missis
1814 709 1894 743 quas

1158 750 1318 793 prioratus
1343 751 1480 795 requirit
1504 752 1563 794 (b),
1590 753 1724 795 excepta
1748 751 1843 785 missa
1859 752 1894 786 iu

1157 814 1220 847 qua
1240 805 1378 838 novitius
1402 810 1450 838 est
1469 805 1709 848 professionem
1735 806 1891 840 facturus.

1200 867 1245 891 111.
1255 857 1297 900 (c)
1307 857 1344 890 Et
1356 857 1509 901 quoniam
1519 858 1657 891 vicarius
1667 863 1893 902 repraesentat

1154 909 1310 953 priorem,
1326 915 1358 943 et
1374 915 1424 944 est
1441 911 1582 944 secunda
1606 921 1747 954 persona
1764 912 1890 953 domus,

1154 969 1187 996 ut
1201 963 1306 997 officio
1324 964 1392 996 eius
1412 973 1576 1007 congruus
1593 965 1681 997 locus
1699 964 1890 1008 deputetur,

1153 1017 1321 1050 statuimus
1345 1022 1380 1049 ut
1403 1017 1523 1060 ubique
1543 1017 1576 1050 in
1601 1022 1761 1050 conventu
1785 1019 1892 1052 locum

1154 1074 1261 1103 teneat
1280 1070 1471 1113 antiquioris
1492 1081 1509 1103 a
1526 1075 1616 1113 parte
1633 1070 1744 1103 dextra
1759 1071 1889 1115 prioris,

1152 1134 1212 1156 nec
1235 1134 1376 1168 unquam
1401 1124 1534 1157 absente
1558 1123 1670 1168 priore
1695 1124 1729 1157 in
1753 1124 1892 1158 refecto-

1151 1176 1200 1209 rio
1225 1177 1323 1219 legat.

1194 1239 1237 1263 iv.
1265 1229 1343 1263 Cum
1375 1229 1464 1273 prior
1487 1234 1519 1263 et
1541 1234 1737 1273 procurator
1760 1230 1888 1272 absunt,

1151 1284 1199 1316 vel
1224 1282 1357 1316 forsitan
1383 1294 1447 1316 non
1472 1288 1621 1327 possunt,
1646 1285 1697 1317 vel
1722 1283 1747 1317 si
1772 1294 1890 1328 procu-

1151 1341 1240 1369 rator
1263 1347 1328 1369 non
1353 1336 1393 1369 sit
1417 1336 1580 1376 sacerdos,
1598 1336 1736 1370 vicarius
1753 1337 1891 1371 descen-

1152 1390 1198 1422 dit
1221 1390 1260 1423 ad
1287 1390 1416 1422 domum
1441 1390 1630 1423 inferiorem
1663 1390 1702 1423 ad
1727 1390 1890 1434 inungen-

1152 1444 1228 1476 dum
1252 1443 1426 1483 infirmum,
1450 1443 1500 1476 vel
1525 1443 1841 1485 communicandum,
1861 1445 1888 1478 si

1151 1495 1328 1528 necessitas
1353 1501 1470 1539 cogat;
1493 1501 1532 1535 et,
1554 1496 1578 1528 si
1599 1507 1664 1530 non
1688 1496 1772 1530 adsit
1795 1497 1889 1530 cleri-

1150 1559 1205 1582 cus
1229 1549 1345 1592 aliquis
1361 1576 1368 1589 ‚
1392 1560 1492 1582 unum
1519 1550 1559 1583 de
1584 1550 1753 1583 monachis
1778 1560 1887 1584 secum

1151 1602 1346 1635 introducat.

1194 1666 1223 1688 v.
1256 1656 1400 1688 vicarius
1417 1682 1424 1696 ,
1444 1656 1578 1689 absente
1603 1656 1722 1700 priore,
1752 1657 1792 1690 de
1822 1667 1887 1691 uno

1150 1709 1251 1742 choro
1276 1709 1308 1742 in
1334 1709 1441 1749 alium,
1459 1709 1485 1742 si
1502 1720 1584 1753 opus
1609 1715 1668 1749 est,
1691 1710 1886 1744 adiutorium

1150 1762 1257 1803 mittit,
1283 1761 1464 1796 orationem
1493 1768 1567 1796 ante
1593 1763 1690 1796 horas
1717 1764 1886 1805 terminat,

1150 1817 1187 1849 ad
1214 1816 1389 1850 lectionem
1418 1817 1665 1850 hebdomadarii
1689 1817 1886 1851 benedictio-

1150 1880 1223 1903 nem
1248 1870 1395 1912 largitur:
1422 1870 1519 1903 etiam
1545 1871 1582 1903 ad
1608 1871 1780 1904 lectionem
1801 1870 1886 1914 prio-

1150 1923 1193 1955 ris
1219 1923 1251 1955 in
1277 1922 1328 1955 die
1352 1922 1531 1956 Nativitatis
1551 1923 1685 1961 Domini,
1707 1923 1760 1957 SS.
1778 1922 1884 1957 Nomi-

1150 1976 1199 2008 nis
1224 1976 1308 2015 lesu,
1328 1976 1482 2016 Paschae,
1504 1976 1719 2016 pentecostes,
1733 1976 1884 2020 Corporis

1150 2030 1265 2063 Christi
1284 2036 1315 2062 et
1335 2030 1434 2063 sancti
1460 2030 1558 2073 patris
1584 2030 1684 2063 nostri
1709 2030 1883 2069 Brunonis,

1150 2088 1182 2115 et
1202 2083 1330 2126 quando
1350 2083 1442 2126 prior
1466 2089 1514 2117 est
1540 2083 1829 2117 hebdomadarius.
1851 2083 1884 2116 ln

1150 2136 1264 2177 sestis,
1297 2137 1430 2169 absente
1467 2137 1596 2181 priore,
1629 2137 1774 2171 ultimam
1808 2136 1886 2169 dicit

1184 2218 1210 2252 a)
1228 2217 1256 2244 ln
1273 2217 1489 2253 quibuscumque
1509 2218 1601 2252 rebus,
1617 2217 1664 2244 ubi
1679 2226 1710 2244 ex
1726 2220 1885 2244 statutorum

1150 2263 1315 2298 praescripto
1342 2263 1488 2298 requiritur
1500 2284 1507 2295 ,
1528 2262 1635 2289 licentia
1654 2262 1734 2289 dehet
1752 2262 1833 2289 etiam
1852 2263 1886 2290 ab

1149 2307 1309 2333 officialibus
1338 2308 1391 2342 peti
1411 2315 1425 2333 a
1446 2307 1544 2334 vicario
1571 2307 1597 2333 in
1623 2307 1746 2334 absentia
1771 2306 1885 2342 prioris,

1149 2351 1198 2377 nisi
1219 2351 1352 2378 licentiam
1373 2352 1518 2387 specialem
1538 2351 1669 2378 haberent
1688 2359 1704 2378 a
1723 2351 1832 2386 priore;
1853 2351 1886 2377 de

1149 2404 1200 2430 qua
1217 2400 1315 2429 tamen,
1332 2396 1366 2423 oh
1382 2396 1510 2423 rationein
1527 2397 1589 2422 boni
1606 2395 1721 2430 exempli
1736 2396 1770 2422 ab
1784 2395 1885 2422 officia-

1150 2439 1219 2465 libus
1239 2440 1411 2474 singulariter
1426 2440 1550 2467 omnibus
1564 2440 1655 2474 dandi,
1676 2439 1775 2466 debent
1794 2439 1886 2467 mode-

1149 2489 1189 2511 ste
1211 2485 1337 2512 vicarium
1359 2493 1478 2512 monere.

1185 2530 1212 2561 b)
1234 2529 1296 2556 Vide
1317 2538 1390 2556 num.
1412 2536 1458 2563 vn,
1479 2537 1537 2565 cap.
1555 2535 1628 2557 xvui.

1185 2575 1209 2604 c)
1229 2574 1295 2601 Vide
1315 2582 1389 2601 num.
1410 2581 1445 2601 xx
1466 2583 1524 2611 cap.
1546 2581 1580 2601 xx
1599 2573 1733 2602 secundae
1752 2573 1845 2610 partis.

1909 169 1957 198 An.
1979 170 2008 199 C.
2027 171 2090 213 ¹⁶⁸³*
