2111 3157
208 258 256 283 An.
274 257 302 283 (I.
327 257 390 284 1088

437 248 500 282 332

405 307 589 347 scribendo,
614 307 795 351 psallendo,
821 306 957 345 orando,
982 306 1142 339 meditan-

405 360 458 399 do,
475 360 724 403 contemplando
742 365 773 393 et
789 360 977 398 laborando,
997 364 1029 392 et
1046 370 1140 402 quam

403 413 429 446 si
456 413 643 456 frequenter
667 418 699 445 et
722 412 847 445 levibus
864 413 903 445 de
921 412 1024 445 causis
1051 413 1139 445 exire

402 466 582 505 insueverit,
609 465 672 498 cito
698 465 833 498 habebit
857 476 1000 499 exosam.

444 528 476 551 11.
504 517 535 550 Si
561 517 632 561 quis
656 518 695 551 ad
721 518 837 550 cellam
870 518 997 551 venerit
1028 519 1139 551 volens

399 570 570 603 nobiscum
595 570 695 614 loqui,
713 571 764 604 vel
789 571 829 604 ad
853 581 914 604 nos
939 570 1073 610 intrare,
1092 571 1139 603 in-

399 628 586 665 terrogetur
602 623 704 667 prim,
721 624 746 656 si
765 624 953 666 praesidens
973 624 1136 657 licentiam

398 676 426 709 ei
453 677 603 717 dederit,
640 677 735 710 aliter
771 677 810 710 ad
847 677 1045 720 colloquium
1071 688 1136 710 non

395 729 581 772 recipiatur,
609 741 670 763 nec
694 730 814 763 intrare
839 731 1055 774 permittatur,
1074 731 1135 763 nisi

395 782 467 816 talis
494 783 603 823 suerit,
621 783 660 816 de
679 793 742 826 quo
760 783 801 816 sit
829 783 1029 816 credendum
1050 784 1135 827 quod

395 836 466 870 sine
502 836 635 870 licentia
665 848 732 870 non
766 837 904 870 venerit.
936 837 994 875 Qui
1028 843 1135 870 autem

395 901 467 924 cum
491 890 624 923 licentia
648 890 746 931 venit,
771 901 837 924 non
869 891 969 924 debet
999 891 1136 924 silenter

394 948 426 976 et
451 947 588 986 repente
620 943 763 983 intrare,
791 944 846 976 sed
878 944 1011 986 pulsare
1037 944 1074 976 ad
1100 955 1135 977 o—

394 995 500 1036 stium,
518 1001 550 1029 et
567 1001 741 1039 expectare
759 996 864 1029 donec
881 996 1047 1029 habitator
1072 998 1134 1030 cel-

379 1045 442 1081 *lae
467 1049 505 1081 ad
532 1059 605 1082 eum
630 1048 758 1088 exierit,
785 1054 817 1082 et
843 1054 919 1082 tunc
944 1049 1131 1083 huiusmodi

391 1100 554 1134 licentiam
580 1101 704 1134 habens
730 1101 808 1134 dicit
828 1101 1027 1135 Benedz'cice.

435 1163 483 1188 ιιι.
519 1154 577 1193 Qui
610 1154 650 1187 de
675 1154 796 1188 Ordine
821 1161 933 1189 nostro
959 1166 1023 1189 non
1048 1162 1131 1201 sunt,

390 1217 452 1241 nec
475 1208 514 1240 ad
536 1208 645 1251 ipsum
670 1208 825 1242 Ordinem
846 1209 1001 1252 aspirant,
1030 1211 1132 1243 nulla-

389 1266 484 1294 tenus
508 1260 541 1294 in
562 1261 653 1295 cellis
674 1262 794 1295 nostris
821 1263 1039 1306 hospitentur.

433 1324 476 1347 lv.
503 1315 581 1348 Cum
599 1315 717 1358 aliquis
736 1321 786 1349 est
802 1316 969 1349 nobiscum
987 1316 1019 1350 in
1037 1318 1129 1357 cella,

388 1367 531 1411 primum
557 1368 677 1401 ostium
702 1368 744 1401 sit
768 1375 932 1412 apertum,
959 1375 990 1403 et
1015 1380 1130 1402 secun-

389 1421 467 1454 dum
493 1422 583 1455 nullo
607 1422 705 1455 modo
730 1423 774 1455 ita
799 1423 973 1456 obseretur
1004 1428 1039 1455 ut
1063 1434 1128 1456 non

388 1474 492 1517 possit
513 1485 531 1507 a
555 1475 706 1517 personis
724 1475 827 1508 nostri
845 1475 976 1508 Ordinis
1001 1476 1127 1518 ingredi

387 1527 571 1560 volentibus
586 1528 717 1571 aperiri.
736 1528 850 1562 Nullus
869 1529 977 1569 etiam,
998 1530 1127 1573 quando

389 1579 420 1612 in
446 1579 530 1613 cella
554 1581 642 1614 solus
669 1586 725 1620 est,
752 1591 786 1614 se
812 1581 917 1624 ipsum
942 1581 974 1614 in
1003 1585 1040 1615 ea
1060 1592 1129 1625 pes-

387 1633 458 1665 sulo
483 1637 538 1665 aut
562 1633 656 1666 aliter
679 1634 824 1667 includat
848 1635 887 1668 de
922 1635 974 1668 die
1008 1640 1062 1668 aut
1088 1636 1127 1668 de

386 1690 494 1725 nocte,
519 1686 581 1719 nisi
608 1697 644 1719 ex
670 1687 777 1730 aliqua
802 1690 899 1721 causa
924 1699 1021 1731 quam
1037 1689 1128 1732 prior

385 1739 627 1782 approbaverit.
661 1739 751 1778 Quod
784 1739 810 1773 si
843 1741 897 1783 qui
928 1741 1126 1784 deprehensi

386 1792 507 1825 suerint
533 1803 567 1825 se
593 1803 665 1826 cum
690 1793 752 1826 alio
770 1794 818 1826 vel
840 1793 910 1826 aliis
936 1794 968 1826 in
993 1795 1126 1837 propria

385 1846 434 1878 vel
461 1845 595 1879 alterius
620 1847 702 1879 cella
730 1850 785 1878 aut
818 1847 881 1879 alio
908 1847 1021 1890 quovis
1053 1849 1125 1881 loco

385 1899 599 1939 conclusisse,
640 1900 727 1932 unde
765 1900 943 1933 vehemens
982 1901 1125 1944 suspicio

385 1952 459 1986 mali
479 1952 666 1991 haberetur,
687 1954 870 1995 praesentis
889 1954 997 1986 statuti
1015 1954 1124 1997 vigore

385 2005 642 2038 incarcerentur.
669 2004 700 2038 Si
726 2016 803 2038 vero
829 2006 884 2039 illa
904 2006 1043 2040 inclusio
1070 2008 1123 2041 tali

384 2058 569 2100 suspicione
595 2064 737 2100 careret,
762 2060 894 2094 arbitrio
921 2061 1040 2104 prioris
1066 2073 1125 2105 pu-

384 2112 524 2145 niantur.

427 2175 458 2198 v.
485 2165 520 2198 ln
538 2165 619 2199 cella
637 2166 783 2207 alterius,
803 2167 932 2210 quando
950 2178 1125 2211 operamur

385 2229 456 2251 cum
492 2229 550 2260 eo,
589 2225 642 2252 aut
676 2219 827 2253 visitandi
861 2231 934 2253 eum
959 2221 1122 2254 licentiam

385 2272 562 2313 habemus,
589 2272 685 2305 horas
717 2273 826 2306 dicere
858 2284 929 2306 cum
963 2284 1000 2306 eo
1030 2274 1120 2307 licet.

384 2323 460 2357 Cum
481 2330 586 2358 autem
604 2325 721 2368 aliquis
739 2331 788 2358 est
812 2325 845 2358 in
870 2327 1004 2359 alterius
1031 2327 1122 2365 cella,

384 2377 433 2409 vel
452 2377 527 2410 alibi
546 2388 604 2420 per
622 2378 785 2411 licentiam
808 2383 898 2412 extra
923 2380 1049 2418 cellam,
1068 2390 1122 2411 au-

385 2428 450 2462 dito
465 2429 698 2473 Completorio,
716 2431 823 2464 statim
841 2432 993 2464 recedere
1010 2432 1120 2471 debet,

385 2481 447 2514 nisi
465 2483 620 2516 maiorem
639 2494 759 2517 moram
778 2484 916 2518 faciendi
946 2485 1120 2527 specialem

384 2533 547 2567 licentiam
572 2536 732 2569 habuerit.
760 2537 830 2570 Non
856 2537 941 2570 enim
966 2537 1044 2570 licet
1068 2548 1122 2570 no—

384 2586 433 2620 bis
450 2593 524 2631 post
540 2587 794 2632 Complctorium
812 2591 912 2634 loqui,
929 2601 989 2625 nec
1003 2590 1120 2624 deinde

385 2646 458 2675 ante
471 2640 617 2680 Primam,
631 2643 690 2675 nisi
702 2646 796 2676 causa
810 2644 946 2677 notabili
959 2644 1118 2687 exigente.

997 259 1033 282 nt
1040 258 1174 281 LLAittt'M
1199 258 1350 282 ROMAMM

1226 316 1266 338 vi.
1294 305 1325 338 Si
1351 306 1421 349 quis
1447 305 1603 349 qualibet,
1620 307 1669 339 vel
1688 308 1743 339 sua
1767 308 1819 341 vel
1843 308 1920 342 alte-

1183 358 1248 391 rius
1274 359 1473 402 negligentia
1498 370 1590 402 pane,
1618 360 1702 399 vino,
1728 362 1819 403 aqua,
1842 362 1918 402 sale,

1182 411 1307 453 igneve,
1333 418 1387 445 aut
1411 412 1471 445 alia
1496 422 1531 445 re
1557 412 1742 446 necessaria
1766 414 1917 455 caruerit,

1184 465 1231 497 vel
1264 464 1432 498 insolitum
1458 465 1630 498 clamorem
1664 471 1717 498 aut
1745 466 1919 509 strepitum

1182 517 1329 557 audierit,
1355 519 1404 551 vel
1430 518 1613 561 periculum
1638 518 1723 561 ignis
1748 518 1917 561 institerit,

1182 570 1294 603 licebit
1319 572 1433 604 cellam
1459 572 1546 604 exire
1571 576 1603 604 et
1628 572 1809 605 subsidium
1827 583 1919 616 prae-

1180 628 1266 656 stare
1292 625 1340 657 vel
1365 629 1488 667 petere,
1514 629 1554 663 et,
1580 624 1604 656 si
1632 629 1717 657 tanta
1742 626 1918 660 necessitas

1181 682 1286 719 urget,
1311 687 1376 710 uno
1401 679 1451 711 vel
1477 678 1613 718 duobus,
1639 679 1689 712 vel
1715 679 1918 722 paucissimis

1179 730 1293 770 verbis,
1320 731 1406 773 quod
1432 741 1483 764 res
1509 733 1661 774 postulat,
1686 732 1844 766 indicare.

1221 794 1277 816 vn.
1303 783 1363 823 Qui
1398 794 1476 817 vero
1513 784 1606 818 aliter
1641 785 1764 828 absque
1789 785 1918 819 licentia

1179 835 1345 869 silentium
1370 837 1515 880 fregerit,
1541 838 1670 880 culpam
1703 848 1794 871 suam
1826 849 1919 873 reco-

1178 895 1311 931 gnoscat
1336 895 1368 923 et
1392 889 1596 933 disciplinam
1621 901 1693 923 cum
1718 891 1816 934 virgis
1834 891 1918 925 acci-

1177 941 1245 984 piat
1268 942 1299 974 in
1325 942 1488 975 dominica
1514 943 1658 985 proxime
1688 943 1915 987 subsequenti,

1177 994 1260 1027 sicut
1292 995 1515 1038 supradictum
1548 1001 1607 1028 est.
1640 996 1679 1028 Et
1708 996 1733 1028 si
1767 1001 1916 1029 assuetus

1177 1047 1273 1080 suerit
1307 1047 1341 1080 in
1378 1047 1569 1090 frangendo,
1594 1048 1669 1081 vino
1694 1048 1839 1092 privetur
1862 1054 1918 1082 aut

1176 1100 1215 1132 ad
1242 1105 1361 1133 terram
1387 1101 1548 1141 comedat,
1577 1101 1627 1135 vel
1653 1101 1715 1135 alia
1739 1103 1848 1145 poena
1871 1111 1918 1135 ar-

1176 1152 1273 1186 bitrio
1298 1153 1417 1196 prioris
1437 1153 1602 1197 puniatur.

1219 1217 1285 1240 v111.
1312 1206 1371 1246 Qui
1397 1217 1456 1250 per
1480 1207 1644 1241 licentiam
1662 1208 1701 1241 de
1726 1209 1810 1242 cella
1833 1209 1924 1243 exie·-

1174 1259 1227 1299 rit‚
1254 1260 1416 1293 extraneis
1432 1261 1482 1293 vel
1500 1260 1597 1293 etiam
1615 1261 1799 1295 domesticis
1816 1261 1917 1295 sarnu-

1174 1313 1213 1346 lis
1239 1312 1310 1346 sine
1336 1313 1472 1356 speciali
1497 1313 1629 1347 licentia
1656 1325 1723 1348 non
1748 1315 1913 1359 loquatur.

1173 1366 1210 1399 Et
1235 1367 1260 1399 si
1287 1366 1454 1400 licentiam
1482 1368 1640 1411 loquendi
1666 1368 1793 1408 habeat,
1818 1368 1915 1402 nolu-

1172 1431 1241 1453 mus
1267 1425 1373 1454 tamen
1399 1421 1488 1464 quod
1509 1421 1654 1464 inquirat
1681 1427 1737 1454 aut
1763 1422 1915 1466 loquatur

1172 1474 1211 1506 de
1229 1473 1374 1516 negociis
1401 1480 1432 1506 et
1456 1474 1614 1516 regimine
1633 1475 1757 1515 domus,
1775 1476 1914 1509 autulio

1171 1528 1267 1560 modo
1290 1528 1470 1561 immisceat
1495 1538 1530 1561 se
1557 1528 1743 1561 huiusmodi
1770 1527 1912 1570 diebus¹,

1171 1579 1232 1612 nisi
1258 1591 1275 1613 a
1300 1580 1508 1623 praesidente
1533 1582 1562 1614 ei
1595 1581 1774 1615 iniunctum
1798 1582 1910 1616 suerit.

1170 1632 1239 1666 Non
1266 1634 1352 1666 enim
1371 1634 1502 1677 expedit
1519 1634 1695 1668 habitatori
1720 1635 1822 1669 cellae
1840 1645 1913 1669 nos-

1170 1697 1204 1719 se
1230 1686 1431 1726 liuiusmodi,
1457 1698 1538 1731 quae
1563 1688 1603 1720 ad
1631 1687 1785 1722 officiales
1811 1688 1912 1732 perti-

1170 1745 1248 1772 nent
1283 1740 1447 1779 curanda,
1483 1751 1554 1773 cum
1593 1740 1690 1774 etiam
1725 1741 1789 1775 hoc
1812 1740 1911 1775 totius

1170 1792 1283 1825 domus
1306 1793 1377 1836 paci
1403 1794 1601 1826 contrarium
1627 1794 1681 1827 sit.

1213 1855 1254 1879 lx.
1281 1845 1451 1880 Silentium
1473 1846 1604 1890 ubique,
1631 1847 1689 1880 sed
1714 1846 1853 1881 maxime
1875 1847 1909 1881 in

1169 1899 1318 1938 ecclesia,
1336 1898 1492 1943 capitulo,
1512 1900 1699 1940 refectorio,
1717 1901 1860 1934 claustro
1878 1906 1910 1934 et

1169 1953 1279 1984 rasura
1305 1951 1447 1984 strictius
1473 1962 1600 1986 serrare
1626 1953 1796 1986 debemus.

1212 2016 1240 2038 x.
1268 2004 1345 2038 Cum
1364 2005 1493 2038 novitiis
1515 2005 1611 2038 etiam
1636 2016 1732 2039 nemo
1757 2011 1906 2040 nostrum

1168 2060 1327 2102 loquatur,
1355 2058 1416 2091 nisi
1441 2058 1546 2102 prior,
1572 2059 1710 2092 vicarius
1735 2064 1768 2093 et
1793 2070 1907 2094 eorum

1167 2112 1334 2154 magister.
1864 2152 1867 2154 ,

1209 2176 1251 2198 xi.
1279 2165 1390 2198 Nullus
1416 2176 1475 2209 per
1500 2166 1617 2199 ostium
1635 2166 1717 2210 prati
1735 2176 1790 2200 seu
1808 2167 1904 2208 horti,

1166 2219 1213 2251 vel
1239 2219 1278 2251 ad
1304 2219 1478 2252 fenestram
1504 2220 1617 2259 cellae,
1655 2229 1738 2263 quae
1773 2220 1906 2264 respicit

1165 2278 1280 2305 contra
1315 2273 1446 2305 hortum
1484 2283 1697 2313 communem,
1733 2273 1831 2307 debet
1863 2273 1903 2307 ad

1165 2326 1368 2369 colloquium
1394 2326 1519 2369 recipi,
1559 2326 1685 2359 etiarnsi
1723 2327 1840 2360 dixerit
1869 2337 1903 2360 se

1165 2380 1285 2413 habere
1312 2380 1476 2413 licentiam
1502 2380 1723 2424 colloquendi.

1208 2443 1260 2466 iu.
1275 2433 1422 2466 Monachi
1442 2444 1507 2466 non
1523 2434 1711 2476 permittant
1728 2443 1900 2467 conversos

1164 2492 1195 2518 et
1229 2487 1366 2519 donatos
1391 2488 1440 2519 vel
1468 2487 1601 2519 famulos
1634 2487 1748 2519 domus
1772 2487 1900 2530 ingredi

1164 2539 1262 2572 cellas
1296 2549 1370 2572 suas
1404 2539 1526 2582 absque
1552 2539 1693 2579 licentia,
1719 2549 1779 2572 nec
1804 2538 1900 2572 etiam

1163 2601 1234 2624 cum
1259 2591 1435 2634 praedictis
1462 2591 1532 2624 sine
1565 2591 1696 2624 licentia
1727 2592 1902 2635 loquantur

1197 2652 1209 2678 1
1234 2651 1333 2679 Forsan
1350 2653 1383 2679 de
1399 2653 1481 2679 rebus
1497 2660 1545 2687 pro
1561 2653 1658 2680 diebus
1672 2654 1709 2688 (R.
1727 2653 1776 2688 T.).

1924 259 1973 284 An.
1996 259 2023 286 c.
2044 243 2104 289 mss
