2111 3157
113 185 161 212 An.
179 183 208 211 c.
233 183 298 211 1086
344 174 409 208 690

147 1731 267 1753 Exordium.

308 233 379 272 tica,
399 233 446 266 rel
472 231 580 276 quavis
605 230 752 263 firmitate
778 228 839 261 alia
864 224 1042 263 roboratis,

309 286 436 319 statutis
463 292 495 318 et
519 282 820 319 consuetudinibus,
844 279 1046 312 stabilimen-

309 340 361 381 tis‚
388 339 499 371 usibus
519 343 550 371 et
576 335 707 373 naturis,
726 344 763 366 ae
783 331 1045 366 ordinationibus

310 392 553 435 capitularibus,
568 387 747 432 privilegiis
758 396 896 430 quoque,
911 384 1046 418 indultis

310 451 338 478 et
355 444 469 478 litteris
486 441 671 486 apostolicis
692 441 723 473 in
739 439 933 473 contrarium
953 448 1046 481 prae-

311 499 479 531 missorum
506 495 750 539 quomodolibet
774 491 948 530 concessis
970 502 1046 524 con-

308 550 443 583 firmatis
462 555 491 582 ct
512 547 690 587 innovatis3
710 547 826 590 quibus
847 544 996 579 omnibus
1015 549 1047 577 et

309 603 459 645 singulis,
473 602 602 635 illorum
614 606 742 635 tenores
753 599 977 643 praesentibus
986 609 1046 642 pro

309 657 407 699 plene
432 661 462 688 et
486 655 686 687 sul‘ticienter
703 653 867 696 expressis
893 663 928 685 ae
946 652 1047 684 inser·

311 709 350 741 tis
376 709 558 748 habentes,
584 708 648 741 illis
680 707 758 740 alias
784 707 817 739 in
842 717 902 739 suo
927 706 1045 739 robore

309 761 541 806 permansuris,
561 761 599 793 ad
626 760 872 804 praemissorum
887 758 1045 798 effectum,

310 815 372 848 hae
395 815 462 847 viee
475 814 647 853 dumtaxat,
665 813 853 856 specialiter
870 817 900 845 et
917 822 1048 856 expres-

311 879 344 902 se
362 869 573 911 derogamus,
596 867 778 910 ceterisque
793 866 964 900 contrariis
978 866 1048 910 qui-

310 922 526 964 buscumque.

354 975 468 1007 Datum
484 974 616 1014 Romae,
629 973 714 1017 apud
729 973 760 1006 S.
774 972 913 1009 Petrum.
925 973 986 1005 sub
997 981 1050 1005 an-

311 1028 390 1061 nulo
408 1027 593 1066 Piscatoris,
614 1026 665 1059 die
684 1036 742 1060 xxv
759 1025 839 1058 iunii
857 1035 1048 1065 MDCLxxxvi,

311 1079 523 1124 pontificatus
551 1078 657 1112 nostri
682 1088 768 1111 anno
789 1088 820 1111 x.

347 1142 406 1169 Dat.
424 1141 466 1168 die
482 1141 516 1169 25
530 1141 599 1168 iunii
622 1140 699 1174 1686,
721 1140 818 1175 pontif.
840 1148 912 1167 anno
928 1148 953 1167 x.

622 1257 735 1291 CLXX.

315 1328 560 1372 confirmantur
576 1328 701 1362 decreta
725 1328 874 1361 ministri
889 1326 1053 1372 qenai-alis

360 1382 497 1417 Ordinis
521 1384 662 1426 sralrum
690 1383 796 1414 sancii
820 1382 992 1415 Francisci
1016 1381 1053 1414 de

359 1436 570 1470 obser-rantis?
608 1446 627 1467 α
671 1434 837 1467 cardinali
877 1438 1053 1477 proleclore

358 1489 537 1532 appi-abula
554 1489 639 1521 circa
664 1488 857 1520 missionum
873 1486 1053 1519 seminaria

359 1544 394 1575 in
408 1542 575 1588 Hispania
594 1545 622 1574 et
642 1541 749 1575 Indiis
768 1538 1049 1574 Occidencatibus⁴.

489 1612 705 1641 lnnnocentius
727 1613 805 1646 Papa
824 1611 881 1643 XI,

456 1659 491 1686 ad
512 1659 642 1686 futuram
661 1657 706 1685 rei
726 1657 907 1685 memoriam.

359 1723 521 1757 Ecclesiae
558 1721 739 1754 catholicae
775 1730 835 1763 per
868 1718 1052 1751 universum

315 1783 476 1811 terrarum
502 1776 616 1808 orbem
642 1772 775 1806 diffusae
801 1771 964 1814 regimini,
990 1781 1055 1803 rne-

316 1832 386 1864 ritis
407 1831 483 1863 licet
508 1827 698 1871 imparibus,
718 1825 825 1859 diviua
844 1824 1055 1867 dispositione

316 1884 563 1927 praesidentes,
591 1891 648 1920 ea,
674 1890 756 1923 quae
788 1890 805 1911 a
831 1877 1054 1921 superioribus

317 1936 523 1978 regularibus
566 1934 604 1966 ad
644 1932 844 1965 christianae
887 1929 1055 1972 religionis

317 1989 459 2033 fideique
485 1988 663 2021 catholicae
689 1983 978 2028 propagationem,
1007 1993 1056 2015 re-

318 2049 468 2086 ctamque
495 2041 638 2074 fidelium
671 2039 702 2072 in
729 2040 822 2071 sacra
854 2037 1001 2070 doctrina
1026 2041 1057 2068 et

319 2097 461 2130 moribus
498 2092 686 2127 christianis
725 2091 988 2130 institutionem,
1022 2100 1057 2122 ac

321 2150 416 2183 etiam
443 2148 669 2190 religiosorum
703 2144 925 2177 ministrorum
951 2143 982 2175 in
1009 2153 1058 2175 se-

321 2202 466 2235 minariis
490 2201 528 2233 ad
555 2210 628 2233 eum
654 2198 750 2231 sineru
776 2196 931 2229 institutis
955 2200 986 2228 et
1010 2195 1058 2227 in-

322 2254 493 2287 stituendis
519 2263 578 2296 pro
605 2258 748 2294 tempore
774 2249 961 2292 degentium
986 2247 1058 2281 seli-

323 2318 391 2340 cem
412 2306 634 2345 directionem,
659 2304 711 2348 pie
738 2304 983 2347 prudenterque
1004 2301 1059 2334 de-

360 2405 370 2430 1
395 2403 454 2430 Atia
474 2402 585 2429 ministri
606 2401 740 2435 generalis
764 2400 874 2427 deci-eta
902 2407 950 2434 pro
977 2397 1060 2425 Indiis

325 2447 538 2475 Occidentalibus
559 2451 650 2473 extant
678 2446 784 2473 constit.
812 2445 875 2472 editt
897 2449 1060 2475 mnctxxxttt,

325 2492 368 2518 die
391 2493 403 2517 4
425 2491 552 2520 ocu-bris,
571 2491 662 2524 pontif.
678 2497 737 2516 viu.
752 2491 789 2516 De
805 2489 883 2515 dictis
899 2496 960 2515 vero
980 2487 1060 2514 semi-

326 2536 409 2563 nari-s
432 2536 489 2560 vidi»
509 2540 615 2562 constit.
636 2535 677 2562 ed,
700 2541 859 2568 mnctxxsvi,
874 2534 918 2561 die
936 2533 967 2561 ¹6
986 2537 1061 2561 octo-

327 2581 392 2612 bris,
416 2580 508 2617 [fontis.
531 2586 565 2606 xi.

884 176 1061 202 nrusnmtn
1087 174 1238 198 Romnum

1831 168 1881 196 Αη.
1897 168 1926 196 C.
1949 168 2017 196 ¹⁶8⁸

1088 227 1176 255 crota
1199 227 1296 265 atque
1322 220 1469 255 ordinata
1490 230 1559 253 esse
1583 224 1770 260 noscuntur,
1787 223 1825 253 ut

1088 274 1179 307 firma
1196 284 1324 317 semper
1342 278 1438 316 atque
1464 272 1616 306 inviolata
1635 273 1822 316 persistant,

1089 327 1256 371 apostolici
1283 326 1470 360 muniminis
1495 326 1668 370 praesidio,
1694 336 1766 359 cum
1791 326 1824 360 id

1088 392 1105 414 a
1131 381 1226 414 nobis
1252 380 1387 424 petitur,
1413 380 1554 413 libenter
1578 380 1822 413 coroboramus.

1132 435 1146 478 fi
1172 434 1203 467 1.
1224 433 1346 477 Exponi
1365 433 1525 477 siquidem
1544 433 1636 466 nobis
1657 443 1761 476 nuper
1781 433 1826 467 se·
1845 442 2020 474 *Insequentibus

1088 487 1131 520 cit
1152 487 1290 521 dilectus
1316 486 1400 520 filius
1421 486 1610 519 Fran‘ciseus
1632 486 1705 518 Diaz
1722 496 1740 518 a
1758 469 2020 527 san-i'issff'riasl'iiiissiifi

1088 545 1139 574 eto
1158 541 1392 579 nonavenmra,
1405 539 1559 573 carissimi
1581 539 1613 572 in
1627 539 1754 572 cinisio
1769 539 1824 573 nni
1836 523 2021 580 .1??.;!:¹;:;¹¹'³1-¹:3:.5.

1088 592 1189 626 nostri
1207 592 1311 626 Caroli
1333 592 1559 636 Hispaniarum
1573 592 1658 634 regis
1673 591 1826 627 catholici
1837 576 2022 625 wilt-532⁰*

1088 646 1301 680 concionator
1324 650 1356 679 et
1382 645 1566 687 theologus,
1593 656 1629 679 ae
1649 656 1708 688 pro
1727 647 1828 679 ultra-

1088 702 1239 732 montana
1255 698 1373 731 samilia
1383 698 1516 730 fratrum
1530 698 1651 731 Minoru
1659 709 1686 732 m
1698 698 1828 733 OrdInis

1089 753 1189 785 sancti
1201 751 1363 785 Francisci
1381 751 1420 784 de
1437 750 1644 785 Observantia
1660 763 1827 797 nuncupa-

1092 812 1195 840 torum
1207 805 1237 838 in
1253 805 1398 838 Romana
1416 804 1511 838 Curia
1521 805 1762 839 commissarius
1773 817 1828 849 ge-

1091 860 1222 899 neralis,
1238 858 1325 903 quod
1340 858 1478 892 dilectus
1497 859 1593 891 etiam
1612 858 1697 892 filius
1715 859 1828 894 Petrus

1090 913 1229 947 Marinus
1254 913 1430 946 Sormanus
1446 939 1454 952 ,
1479 912 1631 945 minister
1665 913 1828 955 generalis

1092 967 1166 1001 dieti
1192 967 1332 1006 Ordinis,
1349 977 1408 1010 per
1432 977 1505 1000 suas
1530 972 1679 1011 patentes
1704 967 1828 1002 litteras

1092 1021 1210 1055 dilecto
1235 1021 1357 1065 pariter
1377 1020 1443 1053 filio
1468 1020 1610 1054 Antonio
1634 1020 1730 1054 Linaz
1756 1021 1832 1055 mis-

1091 1074 1219 1107 sionum
1245 1073 1388 1107 eiusdem
1413 1072 1542 1106 Ordinis
1560 1073 1591 1106 in
1615 1072 1716 1106 Indiis
1740 1072 1831 1107 Occi-

1092 1126 1276 1160 dentalibus
1314 1126 1480 1170 praesecto
1517 1125 1679 1165 directas,
1704 1125 1832 1160 diversa

1093 1180 1222 1214 decreta
1258 1184 1291 1212 et
1325 1178 1548 1212 ordinationes
1579 1178 1702 1218 edidit,
1734 1183 1833 1224 prout

1093 1232 1342 1267 continenturin
1358 1230 1497 1265 eisdem·
1511 1232 1698 1275 patentibus
1715 1231 1831 1266 litteris

1094 1286 1215 1320 tenoris
1242 1285 1295 1330 qui
1320 1285 1476 1329 sequitur,
1501 1285 1669 1319 videlicet:

1143 1352 1156 1371 ε
1189 1339 1243 1373 Fr.
1278 1339 1395 1372 Petrus
1431 1338 1572 1371 Marinus
1605 1338 1782 1372 Sormanus
1813 1349 1832 1373 a

1094 1393 1284 1433 Mediolano,
1310 1393 1413 1426 lector
1433 1384 1602 1432 iubilatus,'
1625 1397 1755 1426 sanetae
1783 1392 1833 1426 ln·

1096 1445 1280 1488 quisitionis
1323 1444 1528 1487 qualificator
1544 1470 1551 1484 ,
1595 1445 1832 1486 exguardianus

1095 1497 1418 1540 [tierosolymitanus,
1437 1506 1474 1528 ac
1496 1495 1596 1529 totius
1622 1495 1751 1529 Ordinis
1770 1497 1833 1529 sra-

1096 1557 1179 1584 trum
1205 1551 1362 1584 Minorum
1387 1549 1536 1583 minister
1560 1549 1734 1592 generalis,
1754 1554 1831 1590 etc.,

1096 1616 1219 1645 servus,
1247 1609 1321 1644 ete,
1339 1602 1548 1636 dilectissimo
1566 1602 1660 1635 nobis
1685 1601 1716 1635 in
1742 1601 1834 1636 Chri-

1096 1664 1144 1691 sto
1170 1658 1203 1691 P.
1220 1657 1254 1690 F.
1274 1656 1414 1689 Antonio
1435 1655 1539 1695 LinaZ,
1563 1655 1755 1688 missionum
1776 1665 1835 1690 no-

1096 1712 1151 1745 stri
1177 1710 1304 1744 Ordinis
1323 1710 1355 1742 in
1376 1709 1475 1742 Indiis
1499 1708 1760 1742 Occidentalibus
1779 1719 1835 1742 au-

1097 1765 1244 1798 ctoritate
1258 1762 1437 1807 apostolica
1454 1762 1632 1805 praesecto,
1647 1762 1783 1795 salutem
1801 1761 1835 1795 in
1848 1793 1856 1798 ,

1099 1818 1231 1851 Domino
1258 1816 1503 1859 sempiternam.

1148 1871 1225 1904 Cum
1264 1869 1419 1903 memoria
1462 1868 1659 1902 retineamus
1701 1867 2030 1920 beatummffigffwlww

1099 1924 1316 1963 Franciscum,
1334 1922 1489 1966 inclytum
1506 1921 1607 1955 nostri
1621 1920 1750 1955 Ordinis
1769 1920 1838 1955 sun·

1099 1978 1254 2016 datorem,
1271 1976 1380 2009 divina
1405 1975 1603 2008 revelatione
1629 1975 1836 2018 cognovisse,

1099 2037 1129 2064 ct
1148 2041 1221 2063 suos
1236 2039 1294 2073 pro
1309 2028 1445 2062 aliorum
1463 2029 1565 2061 salute
1579 2033 1710 2061 vocatos
1730 2027 1837 2070 fuisse,

1100 2085 1186 2117 iuxta
1205 2083 1294 2123 illud,
1314 2083 1399 2126 quod
1414 2082 1442 2115 ei
1456 2081 1601 2115 Ecclesia
1619 2082 1748 2122 accinit,
1760 2081 1839 2116 San·

1100 2143 1167 2171 clus
1189 2136 1393 2176 Firmemus,
1418 2134 1498 2180 qnid
1521 2135 1623 2178 faciat
1647 2135 1838 2176 instructus,

1101 2202 1165 2224 non
1190 2190 1253 2222 sibi
1277 2189 1339 2222 soli
1363 2189 1479 2230 rivere,
1502 2188 1556 2221 sed
1583 2188 1662 2221 aliis
1688 2188 1840 2233 proficere

1100 2245 1169 2277 vult
1195 2244 1255 2278 Dei
1284 2243 1348 2276 zelo
1380 2243 1513 2283 ductus;
1540 2252 1576 2275 ae
1608 2242 1743 2286 insuper
1766 2252 1839 2276 cum

1101 2300 1223 2332 attenta
1247 2302 1355 2331 mente
1382 2296 1574 2340 cogitemus,
1593 2296 1680 2339 quod
1701 2295 1771 2340 ipse
1788 2306 1840 2330 se-

1104 2352 1257 2395 raphicus
1283 2356 1375 2395 pater
1392 2360 1475 2383 anno
1501 2360 1518 2383 a
1542 2352 1598 2383 sua
1624 2349 1839 2384 conversione

1102 2405 1284 2445 undecimo,
1306 2403 1417 2438 multis
1443 2414 1515 2437 cum
1539 2402 1693 2447 perieulis
1717 2402 1788 2442 iter,
1805 2406 1840 2436 ut

1103 2458 1232 2492 Soldani
1269 2457 1488 2502 praesentiam
1521 2456 1644 2497 adiret,
1676 2456 1840 2490 ferventer

1104 2522 1275 2554 aggressus
1302 2511 1371 2550 suit,
1397 2515 1429 2544 et
1453 2510 1596 2554 quinque
1622 2508 1848 2542 observantis-'

1139 2574 1151 2601 1
1176 2574 1275 2601 Forsan
1290 2573 1415 2601 ciusdem
1434 2580 1480 2602 uro
1496 2572 1601 2600 eisdem
1617 2570 1724 2606 legend.
1741 2572 1779 2604 (R.
1790 2571 1841 2606 ¹1¹.).
