<?xml version="1.0" encoding="UTF-8"?>
<!DOCTYPE html PUBLIC "-//W3C//DTD XHTML 1.0 Transitional//EN"
    "http://www.w3.org/TR/xhtml1/DTD/xhtml1-transitional.dtd">
<html xmlns="http://www.w3.org/1999/xhtml" xml:lang="en" lang="en">
 <head>
  <title>
</title>
<meta http-equiv="Content-Type" content="text/html;charset=utf-8" />
  <meta name='ocr-system' content='tesseract 3.04.00' />
  <meta name='ocr-capabilities' content='ocr_page ocr_carea ocr_par ocr_line ocrx_word'/>
</head>
<body>
  <div class='ocr_page' id='page_1' title='image "./bullarumdiplomat19cath_0982.png"; bbox 0 0 2111 3157; ppageno 0'>
   <div class='ocr_carea' id='block_1_1' title="bbox 212 226 397 256">
    <p class='ocr_par' dir='ltr' id='par_1_1' title="bbox 212 226 397 256">
     <span class='ocr_line' id='line_1_1' title="bbox 212 226 397 256; baseline 0.011 -4"><span class='ocrx_word' id='word_1_1' title='bbox 212 226 261 254; x_wconf 75' lang='lat' dir='ltr'>An.</span> <span class='ocrx_word' id='word_1_2' title='bbox 284 226 313 256; x_wconf 64' lang='lat' dir='ltr'>G,</span> <span class='ocrx_word' id='word_1_3' title='bbox 332 226 397 254; x_wconf 61' lang='lat' dir='ltr'>tot-„v</span> 
     </span>
    </p>
   </div>
   <div class='ocr_carea' id='block_1_2' title="bbox 406 221 1168 2599">
    <p class='ocr_par' dir='ltr' id='par_1_2' title="bbox 406 221 1168 2599">
     <span class='ocr_line' id='line_1_2' title="bbox 476 221 1168 251; baseline -0.008 -0.249"><span class='ocrx_word' id='word_1_4' title='bbox 476 221 508 251; x_wconf 60' lang='lat' dir='ltr'>io</span> <span class='ocrx_word' id='word_1_5' title='bbox 989 222 1168 246; x_wconf 65' lang='lat' dir='ltr'>ortmann</span> 
     </span>
     <span class='ocr_line' id='line_1_3' title="bbox 409 272 1143 318; baseline -0.008 -11"><span class='ocrx_word' id='word_1_6' title='bbox 409 281 456 309; x_wconf 83' lang='lat' dir='ltr'>tes</span> <span class='ocrx_word' id='word_1_7' title='bbox 482 276 697 318; x_wconf 70' lang='lat' dir='ltr'>irrepserant,</span> <span class='ocrx_word' id='word_1_8' title='bbox 727 272 1021 315; x_wconf 75' lang='lat' dir='ltr'>Congregationem</span> <span class='ocrx_word' id='word_1_9' title='bbox 1046 280 1143 313; x_wconf 88' lang='lat' dir='ltr'>super</span> 
     </span>
     <span class='ocr_line' id='line_1_4' title="bbox 407 322 1143 363; baseline -0.012 0"><span class='ocrx_word' id='word_1_10' title='bbox 407 330 530 363; x_wconf 76' lang='lat' dir='ltr'>eisdem</span> <span class='ocrx_word' id='word_1_11' title='bbox 549 328 711 360; x_wconf 83' lang='lat' dir='ltr'>montibus</span> <span class='ocrx_word' id='word_1_12' title='bbox 733 336 804 358; x_wconf 85' lang='lat' dir='ltr'>cuni</span> <span class='ocrx_word' id='word_1_13' title='bbox 831 324 964 357; x_wconf 82' lang='lat' dir='ltr'>diversis</span> <span class='ocrx_word' id='word_1_14' title='bbox 986 322 1143 356; x_wconf 77' lang='lat' dir='ltr'>facultati-</span> 
     </span>
     <span class='ocr_line' id='line_1_5' title="bbox 406 377 1144 425; baseline -0.009 -10"><span class='ocrx_word' id='word_1_15' title='bbox 406 384 482 419; x_wconf 72' lang='lat' dir='ltr'>bus,</span> <span class='ocrx_word' id='word_1_16' title='bbox 509 380 687 425; x_wconf 72' lang='lat' dir='ltr'>privilegiis</span> <span class='ocrx_word' id='word_1_17' title='bbox 714 384 745 411; x_wconf 83' lang='lat' dir='ltr'>et</span> <span class='ocrx_word' id='word_1_18' title='bbox 770 377 1017 411; x_wconf 84' lang='lat' dir='ltr'>auctoritatibus</span> <span class='ocrx_word' id='word_1_19' title='bbox 1043 377 1144 419; x_wconf 87' lang='lat' dir='ltr'>depu-</span> 
     </span>
     <span class='ocr_line' id='line_1_6' title="bbox 407 430 1143 475; baseline -0.011 -6"><span class='ocrx_word' id='word_1_20' title='bbox 407 436 539 475; x_wconf 78' lang='lat' dir='ltr'>taverit,</span> <span class='ocrx_word' id='word_1_21' title='bbox 567 446 602 467; x_wconf 89' lang='lat' dir='ltr'>ac</span> <span class='ocrx_word' id='word_1_22' title='bbox 627 433 763 466; x_wconf 83' lang='lat' dir='ltr'>subinde</span> <span class='ocrx_word' id='word_1_23' title='bbox 794 432 894 465; x_wconf 86' lang='lat' dir='ltr'>varias</span> <span class='ocrx_word' id='word_1_24' title='bbox 919 430 1143 474; x_wconf 76' lang='lat' dir='ltr'>provisiones,</span> 
     </span>
     <span class='ocr_line' id='line_1_7' title="bbox 408 482 1146 527; baseline -0.008 -7"><span class='ocrx_word' id='word_1_25' title='bbox 408 487 629 521; x_wconf 82' lang='lat' dir='ltr'>ordinationes</span> <span class='ocrx_word' id='word_1_26' title='bbox 656 492 687 519; x_wconf 88' lang='lat' dir='ltr'>et</span> <span class='ocrx_word' id='word_1_27' title='bbox 712 491 807 524; x_wconf 82' lang='lat' dir='ltr'>taxas,</span> <span class='ocrx_word' id='word_1_28' title='bbox 827 495 903 527; x_wconf 81' lang='lat' dir='ltr'>quas</span> <span class='ocrx_word' id='word_1_29' title='bbox 928 484 1041 516; x_wconf 87' lang='lat' dir='ltr'>eadem</span> <span class='ocrx_word' id='word_1_30' title='bbox 1066 482 1146 515; x_wconf 89' lang='lat' dir='ltr'>Con-</span> 
     </span>
     <span class='ocr_line' id='line_1_8' title="bbox 409 536 1143 583; baseline -0.007 -10"><span class='ocrx_word' id='word_1_31' title='bbox 409 541 552 583; x_wconf 73' lang='lat' dir='ltr'>gregatio</span> <span class='ocrx_word' id='word_1_32' title='bbox 577 550 635 583; x_wconf 89' lang='lat' dir='ltr'>pro</span> <span class='ocrx_word' id='word_1_33' title='bbox 661 540 749 571; x_wconf 78' lang='lat' dir='ltr'>recta</span> <span class='ocrx_word' id='word_1_34' title='bbox 774 538 961 570; x_wconf 88' lang='lat' dir='ltr'>eorumdem</span> <span class='ocrx_word' id='word_1_35' title='bbox 986 536 1143 569; x_wconf 87' lang='lat' dir='ltr'>montium</span> 
     </span>
     <span class='ocr_line' id='line_1_9' title="bbox 408 589 1144 636; baseline -0.008 -9"><span class='ocrx_word' id='word_1_36' title='bbox 408 595 456 627; x_wconf 87' lang='lat' dir='ltr'>ac&#39;</span> <span class='ocrx_word' id='word_1_37' title='bbox 479 593 691 636; x_wconf 71' lang='lat' dir='ltr'>negociorum</span> <span class='ocrx_word' id='word_1_38' title='bbox 712 591 1011 634; x_wconf 72' lang='lat' dir='ltr'>scripturarumque</span> <span class='ocrx_word' id='word_1_39' title='bbox 1032 589 1071 621; x_wconf 86' lang='lat' dir='ltr'>ab</span> <span class='ocrx_word' id='word_1_40' title='bbox 1098 589 1144 622; x_wconf 86' lang='lat' dir='ltr'>eis</span> 
     </span>
     <span class='ocr_line' id='line_1_10' title="bbox 409 642 1145 690; baseline -0.008 -10"><span class='ocrx_word' id='word_1_41' title='bbox 409 646 661 690; x_wconf 81' lang='lat' dir='ltr'>dependentium</span> <span class='ocrx_word' id='word_1_42' title='bbox 681 643 963 678; x_wconf 83' lang='lat' dir='ltr'>administratione</span> <span class='ocrx_word' id='word_1_43' title='bbox 981 648 1012 675; x_wconf 91' lang='lat' dir='ltr'>et</span> <span class='ocrx_word' id='word_1_44' title='bbox 1028 642 1145 685; x_wconf 78' lang='lat' dir='ltr'>guber-</span> 
     </span>
     <span class='ocr_line' id='line_1_11' title="bbox 407 696 1145 739; baseline -0.008 -6"><span class='ocrx_word' id='word_1_45' title='bbox 407 700 461 733; x_wconf 81' lang='lat' dir='ltr'>nio</span> <span class='ocrx_word' id='word_1_46' title='bbox 480 710 564 732; x_wconf 81' lang='lat' dir='ltr'>anno</span> <span class='ocrx_word' id='word_1_47' title='bbox 589 709 674 733; x_wconf 64' lang='lat' dir='ltr'>unxi*</span> <span class='ocrx_word' id='word_1_48' title='bbox 701 697 810 736; x_wconf 88' lang='lat' dir='ltr'>edidit,</span> <span class='ocrx_word' id='word_1_49' title='bbox 833 697 894 730; x_wconf 79' lang='lat' dir='ltr'>alia</span> <span class='ocrx_word' id='word_1_50' title='bbox 914 696 1145 739; x_wconf 90' lang='lat' dir='ltr'>motusproprii</span> 
     </span>
     <span class='ocr_line' id='line_1_12' title="bbox 408 751 1144 792; baseline -0.007 -6"><span class='ocrx_word' id='word_1_51' title='bbox 408 754 520 786; x_wconf 75' lang='lat' dir='ltr'>cedula</span> <span class='ocrx_word' id='word_1_52' title='bbox 546 751 804 791; x_wconf 72' lang='lat' dir='ltr'>confirmaverit,</span> <span class='ocrx_word' id='word_1_53' title='bbox 832 762 868 783; x_wconf 86' lang='lat' dir='ltr'>ae</span> <span class='ocrx_word' id='word_1_54' title='bbox 901 760 1053 792; x_wconf 75' lang='lat' dir='ltr'>expresse</span> <span class='ocrx_word' id='word_1_55' title='bbox 1077 760 1144 781; x_wconf 86' lang='lat' dir='ltr'>ser-</span> 
     </span>
     <span class='ocr_line' id='line_1_13' title="bbox 407 802 1144 844; baseline -0.005 -6"><span class='ocrx_word' id='word_1_56' title='bbox 407 806 474 839; x_wconf 84' lang='lat' dir='ltr'>vari</span> <span class='ocrx_word' id='word_1_57' title='bbox 493 806 637 844; x_wconf 84' lang='lat' dir='ltr'>iusserit,</span> <span class='ocrx_word' id='word_1_58' title='bbox 657 806 754 838; x_wconf 88' lang='lat' dir='ltr'>modo</span> <span class='ocrx_word' id='word_1_59' title='bbox 782 810 813 837; x_wconf 88' lang='lat' dir='ltr'>et</span> <span class='ocrx_word' id='word_1_60' title='bbox 837 804 941 837; x_wconf 78' lang='lat' dir='ltr'>forma</span> <span class='ocrx_word' id='word_1_61' title='bbox 965 803 996 835; x_wconf 93' lang='lat' dir='ltr'>in</span> <span class='ocrx_word' id='word_1_62' title='bbox 1023 802 1144 835; x_wconf 87' lang='lat' dir='ltr'>eisdem</span> 
     </span>
     <span class='ocr_line' id='line_1_14' title="bbox 408 856 1144 899; baseline -0.007 -7"><span class='ocrx_word' id='word_1_63' title='bbox 408 859 530 892; x_wconf 87' lang='lat' dir='ltr'>cedulis</span> <span class='ocrx_word' id='word_1_64' title='bbox 555 858 737 897; x_wconf 84' lang='lat' dir='ltr'>contentis,</span> <span class='ocrx_word' id='word_1_65' title='bbox 771 857 810 889; x_wconf 87' lang='lat' dir='ltr'>ad</span> <span class='ocrx_word' id='word_1_66' title='bbox 840 867 919 899; x_wconf 88' lang='lat' dir='ltr'>quas</span> <span class='ocrx_word' id='word_1_67' title='bbox 951 856 1144 888; x_wconf 77' lang='lat' dir='ltr'>relationem</span> 
     </span>
     <span class='ocr_line' id='line_1_15' title="bbox 409 912 1145 953; baseline -0.005 -8"><span class='ocrx_word' id='word_1_68' title='bbox 409 912 524 945; x_wconf 84' lang='lat' dir='ltr'>haberi</span> <span class='ocrx_word' id='word_1_69' title='bbox 551 913 713 951; x_wconf 84' lang='lat' dir='ltr'>volumus;</span> <span class='ocrx_word' id='word_1_70' title='bbox 732 921 871 953; x_wconf 85' lang='lat' dir='ltr'>eumque</span> <span class='ocrx_word' id='word_1_71' title='bbox 896 920 981 942; x_wconf 85' lang='lat' dir='ltr'>anno</span> <span class='ocrx_word' id='word_1_72' title='bbox 1006 919 1145 942; x_wconf 68' lang='lat' dir='ltr'>iunerxm</span> 
     </span>
     <span class='ocr_line' id='line_1_16' title="bbox 409 962 1145 999; baseline -0.007 0"><span class='ocrx_word' id='word_1_73' title='bbox 409 977 520 999; x_wconf 88' lang='lat' dir='ltr'>omues</span> <span class='ocrx_word' id='word_1_74' title='bbox 542 965 698 999; x_wconf 85' lang='lat' dir='ltr'>dictorum</span> <span class='ocrx_word' id='word_1_75' title='bbox 720 964 877 998; x_wconf 83' lang='lat' dir='ltr'>montium</span> <span class='ocrx_word' id='word_1_76' title='bbox 904 962 1093 996; x_wconf 72' lang='lat' dir='ltr'>secretarius</span> <span class='ocrx_word' id='word_1_77' title='bbox 1114 963 1145 994; x_wconf 93' lang='lat' dir='ltr'>in</span> 
     </span>
     <span class='ocr_line' id='line_1_17' title="bbox 409 1015 1145 1051; baseline -0.005 0"><span class='ocrx_word' id='word_1_78' title='bbox 409 1030 504 1051; x_wconf 87' lang='lat' dir='ltr'>unam</span> <span class='ocrx_word' id='word_1_79' title='bbox 523 1031 538 1051; x_wconf 84' lang='lat' dir='ltr'>a</span> <span class='ocrx_word' id='word_1_80' title='bbox 561 1019 661 1050; x_wconf 71' lang='lat' dir='ltr'>Felicis</span> <span class='ocrx_word' id='word_1_81' title='bbox 687 1017 924 1050; x_wconf 88' lang='lat' dir='ltr'>recordationis</span> <span class='ocrx_word' id='word_1_82' title='bbox 945 1015 1106 1049; x_wconf 87' lang='lat' dir='ltr'>Clemente</span> <span class='ocrx_word' id='word_1_83' title='bbox 1122 1015 1145 1047; x_wconf 82' lang='lat' dir='ltr'>X</span> 
     </span>
     <span class='ocr_line' id='line_1_18' title="bbox 409 1069 1148 1111; baseline -0.005 -7"><span class='ocrx_word' id='word_1_84' title='bbox 409 1073 505 1104; x_wconf 79' lang='lat' dir='ltr'>etiam</span> <span class='ocrx_word' id='word_1_85' title='bbox 531 1072 589 1104; x_wconf 81' lang='lat' dir='ltr'>sub</span> <span class='ocrx_word' id='word_1_86' title='bbox 616 1071 686 1103; x_wconf 85' lang='lat' dir='ltr'>aliis</span> <span class='ocrx_word' id='word_1_87' title='bbox 712 1070 808 1103; x_wconf 85' lang='lat' dir='ltr'>certis</span> <span class='ocrx_word' id='word_1_88' title='bbox 833 1069 954 1111; x_wconf 72' lang='lat' dir='ltr'>regulis</span> <span class='ocrx_word' id='word_1_89' title='bbox 974 1074 1004 1101; x_wconf 95' lang='lat' dir='ltr'>et</span> <span class='ocrx_word' id='word_1_90' title='bbox 1023 1069 1148 1101; x_wconf 87' lang='lat' dir='ltr'>ordina—</span> 
     </span>
     <span class='ocr_line' id='line_1_19' title="bbox 409 1121 1146 1157; baseline -0.005 0"><span class='ocrx_word' id='word_1_91' title='bbox 409 1125 551 1157; x_wconf 73' lang='lat' dir='ltr'>tionibus</span> <span class='ocrx_word' id='word_1_92' title='bbox 578 1125 724 1156; x_wconf 80' lang='lat' dir='ltr'>redactas</span> <span class='ocrx_word' id='word_1_93' title='bbox 750 1123 834 1155; x_wconf 85' lang='lat' dir='ltr'>idem</span> <span class='ocrx_word' id='word_1_94' title='bbox 860 1122 1004 1154; x_wconf 74' lang='lat' dir='ltr'>Pontifex</span> <span class='ocrx_word' id='word_1_95' title='bbox 1029 1121 1146 1154; x_wconf 82' lang='lat' dir='ltr'>Didaco</span> 
     </span>
     <span class='ocr_line' id='line_1_20' title="bbox 409 1174 1148 1221; baseline -0.007 -10"><span class='ocrx_word' id='word_1_96' title='bbox 409 1179 547 1221; x_wconf 68' lang='lat' dir='ltr'>Prsayae</span> <span class='ocrx_word' id='word_1_97' title='bbox 574 1177 692 1211; x_wconf 77' lang='lat' dir='ltr'>clerieo</span> <span class='ocrx_word' id='word_1_98' title='bbox 725 1175 950 1209; x_wconf 77' lang='lat' dir='ltr'>Polieastrensi</span> <span class='ocrx_word' id='word_1_99' title='bbox 968 1202 975 1215; x_wconf 83' lang='lat'><em>‚</em></span> <span class='ocrx_word' id='word_1_100' title='bbox 1001 1176 1056 1207; x_wconf 78' lang='lat' dir='ltr'>sua</span> <span class='ocrx_word' id='word_1_101' title='bbox 1085 1174 1148 1206; x_wconf 72' lang='lat' dir='ltr'>vita</span> 
     </span>
     <span class='ocr_line' id='line_1_21' title="bbox 409 1228 1149 1269; baseline -0.005 -6"><span class='ocrx_word' id='word_1_102' title='bbox 409 1231 549 1263; x_wconf 87' lang='lat' dir='ltr'>naturali</span> <span class='ocrx_word' id='word_1_103' title='bbox 568 1232 716 1269; x_wconf 66' lang='lat' dir='ltr'>durante,</span> <span class='ocrx_word' id='word_1_104' title='bbox 738 1229 933 1262; x_wconf 72' lang='lat' dir='ltr'>concesserit</span> <span class='ocrx_word' id='word_1_105' title='bbox 950 1229 981 1260; x_wconf 91' lang='lat' dir='ltr'>in</span> <span class='ocrx_word' id='word_1_106' title='bbox 1000 1228 1061 1260; x_wconf 79' lang='lat' dir='ltr'>alia</span> <span class='ocrx_word' id='word_1_107' title='bbox 1082 1235 1149 1260; x_wconf 89' lang='lat' dir='ltr'>mo-</span> 
     </span>
     <span class='ocr_line' id='line_1_22' title="bbox 410 1281 1148 1327; baseline -0.004 -11"><span class='ocrx_word' id='word_1_108' title='bbox 410 1284 588 1327; x_wconf 71' lang='lat' dir='ltr'>tusproprii</span> <span class='ocrx_word' id='word_1_109' title='bbox 615 1284 729 1316; x_wconf 78' lang='lat' dir='ltr'>cedula</span> <span class='ocrx_word' id='word_1_110' title='bbox 746 1288 778 1315; x_wconf 87' lang='lat' dir='ltr'>et</span> <span class='ocrx_word' id='word_1_111' title='bbox 798 1281 1018 1324; x_wconf 74' lang='lat' dir='ltr'>chirographo</span> <span class='ocrx_word' id='word_1_112' title='bbox 1035 1281 1074 1313; x_wconf 87' lang='lat' dir='ltr'>ab</span> <span class='ocrx_word' id='word_1_113' title='bbox 1100 1291 1148 1313; x_wconf 88' lang='lat' dir='ltr'>eo-</span> 
     </span>
     <span class='ocr_line' id='line_1_23' title="bbox 411 1335 1146 1370; baseline -0.005 0"><span class='ocrx_word' id='word_1_114' title='bbox 411 1338 482 1370; x_wconf 88' lang='lat' dir='ltr'>dem</span> <span class='ocrx_word' id='word_1_115' title='bbox 499 1337 653 1369; x_wconf 78' lang='lat' dir='ltr'>Pontifice</span> <span class='ocrx_word' id='word_1_116' title='bbox 669 1337 834 1370; x_wconf 84' lang='lat' dir='ltr'>Clemente</span> <span class='ocrx_word' id='word_1_117' title='bbox 849 1335 963 1368; x_wconf 88' lang='lat' dir='ltr'>diebus</span> <span class='ocrx_word' id='word_1_118' title='bbox 978 1344 1021 1367; x_wconf 82' lang='lat' dir='ltr'>vn</span> <span class='ocrx_word' id='word_1_119' title='bbox 1039 1340 1069 1366; x_wconf 83' lang='lat' dir='ltr'>et</span> <span class='ocrx_word' id='word_1_120' title='bbox 1084 1344 1146 1368; x_wconf 74' lang='lat' dir='ltr'>xvii</span> 
     </span>
     <span class='ocr_line' id='line_1_24' title="bbox 410 1386 1147 1433; baseline -0.007 -10"><span class='ocrx_word' id='word_1_121' title='bbox 410 1390 604 1433; x_wconf 73' lang='lat' dir='ltr'>septembris</span> <span class='ocrx_word' id='word_1_122' title='bbox 626 1389 700 1422; x_wconf 88' lang='lat' dir='ltr'>anni</span> <span class='ocrx_word' id='word_1_123' title='bbox 723 1398 861 1422; x_wconf 72' lang='lat' dir='ltr'>MDCLxxi</span> <span class='ocrx_word' id='word_1_124' title='bbox 881 1387 1090 1429; x_wconf 70' lang='lat' dir='ltr'>subsignatis,</span> <span class='ocrx_word' id='word_1_125' title='bbox 1110 1386 1147 1419; x_wconf 86' lang='lat' dir='ltr'>ad</span> 
     </span>
     <span class='ocr_line' id='line_1_25' title="bbox 411 1440 1147 1487; baseline -0.004 -13"><span class='ocrx_word' id='word_1_126' title='bbox 411 1455 491 1487; x_wconf 87' lang='lat' dir='ltr'>quae</span> <span class='ocrx_word' id='word_1_127' title='bbox 510 1443 631 1487; x_wconf 88' lang='lat' dir='ltr'>pariter</span> <span class='ocrx_word' id='word_1_128' title='bbox 649 1442 838 1475; x_wconf 73' lang='lat' dir='ltr'>relationem</span> <span class='ocrx_word' id='word_1_129' title='bbox 858 1441 969 1473; x_wconf 83' lang='lat' dir='ltr'>haberi</span> <span class='ocrx_word' id='word_1_130' title='bbox 989 1440 1147 1478; x_wconf 65' lang='lat' dir='ltr'>volumus,</span> 
     </span>
     <span class='ocr_line' id='line_1_26' title="bbox 411 1493 1147 1539; baseline -0.005 -10"><span class='ocrx_word' id='word_1_131' title='bbox 411 1508 515 1539; x_wconf 84' lang='lat' dir='ltr'>nuper</span> <span class='ocrx_word' id='word_1_132' title='bbox 545 1507 641 1535; x_wconf 82' lang='lat' dir='ltr'>vero,</span> <span class='ocrx_word' id='word_1_133' title='bbox 673 1496 723 1527; x_wconf 90' lang='lat' dir='ltr'>die</span> <span class='ocrx_word' id='word_1_134' title='bbox 753 1505 803 1527; x_wconf 76' lang='lat' dir='ltr'>xxl</span> <span class='ocrx_word' id='word_1_135' title='bbox 834 1493 913 1526; x_wconf 88' lang='lat' dir='ltr'>iunii</span> <span class='ocrx_word' id='word_1_136' title='bbox 942 1502 1147 1526; x_wconf 76' lang='lat' dir='ltr'>MDCLxxxvin</span> 
     </span>
     <span class='ocr_line' id='line_1_27' title="bbox 411 1545 1149 1593; baseline -0.004 -13"><span class='ocrx_word' id='word_1_137' title='bbox 411 1549 547 1593; x_wconf 77' lang='lat' dir='ltr'>proximi</span> <span class='ocrx_word' id='word_1_138' title='bbox 575 1548 752 1591; x_wconf 86' lang='lat' dir='ltr'>praeteriti,</span> <span class='ocrx_word' id='word_1_139' title='bbox 770 1547 855 1580; x_wconf 89' lang='lat' dir='ltr'>idem</span> <span class='ocrx_word' id='word_1_140' title='bbox 876 1547 1012 1579; x_wconf 70' lang='lat' dir='ltr'>Didae-us</span> <span class='ocrx_word' id='word_1_141' title='bbox 1032 1545 1149 1588; x_wconf 64' lang='lat' dir='ltr'>Ursaya</span> 
     </span>
     <span class='ocr_line' id='line_1_28' title="bbox 412 1599 1150 1635; baseline -0.007 0"><span class='ocrx_word' id='word_1_142' title='bbox 412 1603 553 1635; x_wconf 76' lang='lat' dir='ltr'>otIieium</span> <span class='ocrx_word' id='word_1_143' title='bbox 578 1602 734 1634; x_wconf 87' lang='lat' dir='ltr'>dictarum</span> <span class='ocrx_word' id='word_1_144' title='bbox 759 1599 1005 1632; x_wconf 81' lang='lat' dir='ltr'>secretariarum</span> <span class='ocrx_word' id='word_1_145' title='bbox 1032 1599 1063 1631; x_wconf 94' lang='lat' dir='ltr'>in</span> <span class='ocrx_word' id='word_1_146' title='bbox 1084 1610 1150 1631; x_wconf 87' lang='lat' dir='ltr'>ma-</span> 
     </span>
     <span class='ocr_line' id='line_1_29' title="bbox 411 1652 1150 1697; baseline -0.005 -9"><span class='ocrx_word' id='word_1_147' title='bbox 411 1657 505 1688; x_wconf 87' lang='lat' dir='ltr'>nibus</span> <span class='ocrx_word' id='word_1_148' title='bbox 527 1655 647 1687; x_wconf 83' lang='lat' dir='ltr'>nostris</span> <span class='ocrx_word' id='word_1_149' title='bbox 666 1659 782 1697; x_wconf 89' lang='lat' dir='ltr'>sponte</span> <span class='ocrx_word' id='word_1_150' title='bbox 802 1652 1058 1692; x_wconf 68' lang='lat' dir='ltr'>renunciaverit,</span> <span class='ocrx_word' id='word_1_151' title='bbox 1080 1662 1150 1685; x_wconf 54' lang='lat' dir='ltr'>nosv</span> 
     </span>
     <span class='ocr_line' id='line_1_30' title="bbox 412 1706 1151 1752; baseline -0.007 -10"><span class='ocrx_word' id='word_1_152' title='bbox 412 1721 484 1752; x_wconf 79' lang='lat' dir='ltr'>que,</span> <span class='ocrx_word' id='word_1_153' title='bbox 510 1709 621 1752; x_wconf 86' lang='lat' dir='ltr'>populi</span> <span class='ocrx_word' id='word_1_154' title='bbox 651 1709 742 1741; x_wconf 89' lang='lat' dir='ltr'>nobis</span> <span class='ocrx_word' id='word_1_155' title='bbox 768 1706 932 1740; x_wconf 82' lang='lat' dir='ltr'>commissi</span> <span class='ocrx_word' id='word_1_156' title='bbox 959 1706 1089 1739; x_wconf 81' lang='lat' dir='ltr'>utilitati</span> <span class='ocrx_word' id='word_1_157' title='bbox 1115 1716 1151 1739; x_wconf 82' lang='lat' dir='ltr'>ac</span> 
     </span>
     <span class='ocr_line' id='line_1_31' title="bbox 411 1759 1151 1805; baseline -0.003 -12"><span class='ocrx_word' id='word_1_158' title='bbox 411 1763 562 1805; x_wconf 80' lang='lat' dir='ltr'>publicae</span> <span class='ocrx_word' id='word_1_159' title='bbox 588 1761 807 1795; x_wconf 56' lang='lat' dir='ltr'>comi‘noditati</span> <span class='ocrx_word' id='word_1_160' title='bbox 833 1760 919 1793; x_wconf 89' lang='lat' dir='ltr'>omni</span> <span class='ocrx_word' id='word_1_161' title='bbox 944 1759 1050 1792; x_wconf 83' lang='lat' dir='ltr'>studio</span> <span class='ocrx_word' id='word_1_162' title='bbox 1073 1759 1151 1791; x_wconf 88' lang='lat' dir='ltr'>invi-</span> 
     </span>
     <span class='ocr_line' id='line_1_32' title="bbox 411 1813 1150 1858; baseline -0.005 -10"><span class='ocrx_word' id='word_1_163' title='bbox 411 1817 557 1858; x_wconf 65' lang='lat' dir='ltr'>gilantes,</span> <span class='ocrx_word' id='word_1_164' title='bbox 574 1822 603 1848; x_wconf 87' lang='lat' dir='ltr'>et</span> <span class='ocrx_word' id='word_1_165' title='bbox 620 1815 864 1847; x_wconf 72' lang='lat' dir='ltr'>considerantes</span> <span class='ocrx_word' id='word_1_166' title='bbox 881 1813 973 1845; x_wconf 58' lang='lat' dir='ltr'>unius</span> <span class='ocrx_word' id='word_1_167' title='bbox 991 1822 1150 1855; x_wconf 78' lang='lat' dir='ltr'>personae</span> 
     </span>
     <span class='ocr_line' id='line_1_33' title="bbox 410 1866 1150 1909; baseline -0.004 -8"><span class='ocrx_word' id='word_1_168' title='bbox 410 1869 604 1901; x_wconf 79' lang='lat' dir='ltr'>industriam</span> <span class='ocrx_word' id='word_1_169' title='bbox 637 1874 725 1901; x_wconf 80' lang='lat' dir='ltr'>tanto</span> <span class='ocrx_word' id='word_1_170' title='bbox 762 1867 854 1900; x_wconf 89' lang='lat' dir='ltr'>oneri</span> <span class='ocrx_word' id='word_1_171' title='bbox 891 1867 958 1899; x_wconf 87' lang='lat' dir='ltr'>sere</span> <span class='ocrx_word' id='word_1_172' title='bbox 994 1866 1150 1909; x_wconf 87' lang='lat' dir='ltr'>imparem</span> 
     </span>
     <span class='ocr_line' id='line_1_34' title="bbox 411 1919 1149 1964; baseline -0.005 -9"><span class='ocrx_word' id='word_1_173' title='bbox 411 1933 490 1960; x_wconf 79' lang='lat' dir='ltr'>esse,</span> <span class='ocrx_word' id='word_1_174' title='bbox 506 1922 668 1964; x_wconf 55' lang='lat' dir='ltr'>quotque,</span> <span class='ocrx_word' id='word_1_175' title='bbox 684 1921 710 1953; x_wconf 88' lang='lat' dir='ltr'>si</span> <span class='ocrx_word' id='word_1_176' title='bbox 730 1921 760 1953; x_wconf 93' lang='lat' dir='ltr'>in</span> <span class='ocrx_word' id='word_1_177' title='bbox 776 1920 831 1953; x_wconf 86' lang='lat' dir='ltr'>tali</span> <span class='ocrx_word' id='word_1_178' title='bbox 846 1919 1028 1952; x_wconf 88' lang='lat' dir='ltr'>ministerio</span> <span class='ocrx_word' id='word_1_179' title='bbox 1040 1920 1149 1962; x_wconf 90' lang='lat' dir='ltr'>plures</span> 
     </span>
     <span class='ocr_line' id='line_1_35' title="bbox 411 1972 1152 2015; baseline -0.005 -8"><span class='ocrx_word' id='word_1_180' title='bbox 411 1980 661 2014; x_wconf 82' lang='lat' dir='ltr'>assumerentur,</span> <span class='ocrx_word' id='word_1_181' title='bbox 683 1974 784 2006; x_wconf 85' lang='lat' dir='ltr'>maior</span> <span class='ocrx_word' id='word_1_182' title='bbox 809 1973 924 2005; x_wconf 75' lang='lat' dir='ltr'>exinde</span> <span class='ocrx_word' id='word_1_183' title='bbox 950 1972 1072 2004; x_wconf 88' lang='lat' dir='ltr'>utilitas</span> <span class='ocrx_word' id='word_1_184' title='bbox 1094 1983 1152 2015; x_wconf 88' lang='lat' dir='ltr'>pu—</span> 
     </span>
     <span class='ocr_line' id='line_1_36' title="bbox 410 2025 1152 2067; baseline -0.005 -7"><span class='ocrx_word' id='word_1_185' title='bbox 410 2028 497 2060; x_wconf 71' lang='lat' dir='ltr'>blico</span> <span class='ocrx_word' id='word_1_186' title='bbox 524 2027 719 2060; x_wconf 81' lang='lat' dir='ltr'>commercio</span> <span class='ocrx_word' id='word_1_187' title='bbox 745 2032 776 2058; x_wconf 87' lang='lat' dir='ltr'>et</span> <span class='ocrx_word' id='word_1_188' title='bbox 800 2028 897 2067; x_wconf 67' lang='lat' dir='ltr'>longe</span> <span class='ocrx_word' id='word_1_189' title='bbox 923 2025 1023 2057; x_wconf 89' lang='lat' dir='ltr'>maior</span> <span class='ocrx_word' id='word_1_190' title='bbox 1044 2025 1076 2057; x_wconf 91' lang='lat' dir='ltr'>in</span> <span class='ocrx_word' id='word_1_191' title='bbox 1099 2036 1152 2057; x_wconf 83' lang='lat' dir='ltr'>ex-</span> 
     </span>
     <span class='ocr_line' id='line_1_37' title="bbox 411 2079 1151 2124; baseline -0.004 -11"><span class='ocrx_word' id='word_1_192' title='bbox 411 2081 584 2124; x_wconf 85' lang='lat' dir='ltr'>pediendis</span> <span class='ocrx_word' id='word_1_193' title='bbox 610 2080 753 2121; x_wconf 69' lang='lat' dir='ltr'>negociis</span> <span class='ocrx_word' id='word_1_194' title='bbox 788 2079 924 2111; x_wconf 80' lang='lat' dir='ltr'>facilitas</span> <span class='ocrx_word' id='word_1_195' title='bbox 956 2079 1151 2117; x_wconf 77' lang='lat' dir='ltr'>resultaret,</span> 
     </span>
     <span class='ocr_line' id='line_1_38' title="bbox 412 2132 1150 2176; baseline -0.004 -10"><span class='ocrx_word' id='word_1_196' title='bbox 412 2134 566 2176; x_wconf 73' lang='lat' dir='ltr'>(piodque</span> <span class='ocrx_word' id='word_1_197' title='bbox 584 2134 626 2165; x_wconf 86' lang='lat' dir='ltr'>ita</span> <span class='ocrx_word' id='word_1_198' title='bbox 645 2143 775 2175; x_wconf 79' lang='lat' dir='ltr'>quoque</span> <span class='ocrx_word' id='word_1_199' title='bbox 795 2132 1001 2164; x_wconf 71' lang='lat' dir='ltr'>indemnitati</span> <span class='ocrx_word' id='word_1_200' title='bbox 1024 2137 1150 2164; x_wconf 82' lang='lat' dir='ltr'>nostrae</span> 
     </span>
     <span class='ocr_line' id='line_1_39' title="bbox 411 2184 1151 2228; baseline -0.004 -9"><span class='ocrx_word' id='word_1_201' title='bbox 411 2187 563 2219; x_wconf 80' lang='lat' dir='ltr'>Gamerae</span> <span class='ocrx_word' id='word_1_202' title='bbox 589 2186 694 2228; x_wconf 78' lang='lat' dir='ltr'>aptius</span> <span class='ocrx_word' id='word_1_203' title='bbox 721 2186 956 2225; x_wconf 83' lang='lat' dir='ltr'>consuleretur,</span> <span class='ocrx_word' id='word_1_204' title='bbox 973 2184 1056 2224; x_wconf 85' lang='lat' dir='ltr'>dum,</span> <span class='ocrx_word' id='word_1_205' title='bbox 1081 2195 1151 2216; x_wconf 86' lang='lat' dir='ltr'>eve·</span> 
     </span>
     <span class='ocr_line' id='line_1_40' title="bbox 412 2238 1148 2280; baseline -0.003 -9"><span class='ocrx_word' id='word_1_206' title='bbox 412 2241 520 2272; x_wconf 83' lang='lat' dir='ltr'>niente</span> <span class='ocrx_word' id='word_1_207' title='bbox 554 2239 645 2272; x_wconf 86' lang='lat' dir='ltr'>obitu</span> <span class='ocrx_word' id='word_1_208' title='bbox 683 2239 776 2270; x_wconf 73' lang='lat' dir='ltr'>unius</span> <span class='ocrx_word' id='word_1_209' title='bbox 815 2238 993 2277; x_wconf 70' lang='lat' dir='ltr'>secretarii,</span> <span class='ocrx_word' id='word_1_210' title='bbox 1019 2243 1148 2280; x_wconf 80' lang='lat' dir='ltr'>possent</span> 
     </span>
     <span class='ocr_line' id='line_1_41' title="bbox 413 2291 1149 2335; baseline -0.005 -10"><span class='ocrx_word' id='word_1_211' title='bbox 413 2294 465 2325; x_wconf 87' lang='lat' dir='ltr'>alii</span> <span class='ocrx_word' id='word_1_212' title='bbox 504 2304 604 2335; x_wconf 80' lang='lat' dir='ltr'>acque</span> <span class='ocrx_word' id='word_1_213' title='bbox 642 2292 747 2325; x_wconf 86' lang='lat' dir='ltr'>idonei</span> <span class='ocrx_word' id='word_1_214' title='bbox 786 2297 817 2324; x_wconf 88' lang='lat' dir='ltr'>et</span> <span class='ocrx_word' id='word_1_215' title='bbox 853 2291 1017 2324; x_wconf 78' lang='lat' dir='ltr'>informati</span> <span class='ocrx_word' id='word_1_216' title='bbox 1051 2300 1149 2333; x_wconf 82' lang='lat' dir='ltr'>usque</span> 
     </span>
     <span class='ocr_line' id='line_1_42' title="bbox 413 2343 1149 2386; baseline -0.004 -9"><span class='ocrx_word' id='word_1_217' title='bbox 413 2346 450 2378; x_wconf 81' lang='lat' dir='ltr'>ad</span> <span class='ocrx_word' id='word_1_218' title='bbox 473 2356 586 2378; x_wconf 64' lang='lat' dir='ltr'>novam</span> <span class='ocrx_word' id='word_1_219' title='bbox 620 2345 818 2377; x_wconf 74' lang='lat' dir='ltr'>successoris</span> <span class='ocrx_word' id='word_1_220' title='bbox 845 2343 1089 2386; x_wconf 80' lang='lat' dir='ltr'>deputationem</span> <span class='ocrx_word' id='word_1_221' title='bbox 1115 2343 1149 2375; x_wconf 92' lang='lat' dir='ltr'>il-</span> 
     </span>
     <span class='ocr_line' id='line_1_43' title="bbox 413 2397 1147 2441; baseline -0.004 -10"><span class='ocrx_word' id='word_1_222' title='bbox 413 2399 474 2431; x_wconf 79' lang='lat' dir='ltr'>lius</span> <span class='ocrx_word' id='word_1_223' title='bbox 501 2399 584 2431; x_wconf 78' lang='lat' dir='ltr'>vices</span> <span class='ocrx_word' id='word_1_224' title='bbox 611 2399 763 2441; x_wconf 83' lang='lat' dir='ltr'>supplere</span> <span class='ocrx_word' id='word_1_225' title='bbox 791 2398 914 2440; x_wconf 71' lang='lat' dir='ltr'>absque</span> <span class='ocrx_word' id='word_1_226' title='bbox 938 2398 1005 2429; x_wconf 87' lang='lat' dir='ltr'>ullo</span> <span class='ocrx_word' id='word_1_227' title='bbox 1026 2397 1147 2439; x_wconf 76' lang='lat' dir='ltr'>publici</span> 
     </span>
     <span class='ocr_line' id='line_1_44' title="bbox 415 2450 1147 2493; baseline -0.003 -10"><span class='ocrx_word' id='word_1_228' title='bbox 415 2452 534 2483; x_wconf 73' lang='lat' dir='ltr'>servitii</span> <span class='ocrx_word' id='word_1_229' title='bbox 561 2452 772 2491; x_wconf 79' lang='lat' dir='ltr'>detrimento,</span> <span class='ocrx_word' id='word_1_230' title='bbox 806 2457 992 2493; x_wconf 83' lang='lat' dir='ltr'>propterea,</span> <span class='ocrx_word' id='word_1_231' title='bbox 1029 2450 1147 2483; x_wconf 86' lang='lat' dir='ltr'>dictam</span> 
     </span>
     <span class='ocr_line' id='line_1_45' title="bbox 414 2503 1149 2543; baseline -0.003 -7"><span class='ocrx_word' id='word_1_232' title='bbox 414 2505 689 2537; x_wconf 65' lang='lat' dir='ltr'>renunciationem</span> <span class='ocrx_word' id='word_1_233' title='bbox 709 2504 925 2543; x_wconf 60' lang='lat' dir='ltr'>admitti-ntes,</span> <span class='ocrx_word' id='word_1_234' title='bbox 946 2503 1085 2535; x_wconf 83' lang='lat' dir='ltr'>officium</span> <span class='ocrx_word' id='word_1_235' title='bbox 1109 2503 1149 2535; x_wconf 92' lang='lat' dir='ltr'>di-</span> 
     </span>
     <span class='ocr_line' id='line_1_46' title="bbox 414 2557 1148 2599; baseline -0.004 -9"><span class='ocrx_word' id='word_1_236' title='bbox 414 2564 532 2590; x_wconf 85' lang='lat' dir='ltr'>ctarum</span> <span class='ocrx_word' id='word_1_237' title='bbox 559 2557 803 2588; x_wconf 66' lang='lat' dir='ltr'>s=;‹:1·‹.·tariart11u</span> <span class='ocrx_word' id='word_1_238' title='bbox 823 2557 853 2588; x_wconf 93' lang='lat' dir='ltr'>in</span> <span class='ocrx_word' id='word_1_239' title='bbox 872 2562 1008 2599; x_wconf 82' lang='lat' dir='ltr'>quatuor</span> <span class='ocrx_word' id='word_1_240' title='bbox 1033 2566 1148 2599; x_wconf 82' lang='lat' dir='ltr'>aequa-</span> 
     </span>
    </p>
   </div>
   <div class='ocr_carea' id='block_1_3' title="bbox 1169 1224 1177 2650">
    <p class='ocr_par' dir='ltr' id='par_1_3' title="bbox 1169 1224 1177 2650">
     <span class='ocr_line' id='line_1_47' title="bbox 1169 1224 1177 2650; baseline 0 0"><span class='ocrx_word' id='word_1_241' title='bbox 1169 1224 1177 2650; x_wconf 95' lang='lat' dir='ltr'> </span> 
     </span>
    </p>
   </div>
   <div class='ocr_carea' id='block_1_4' title="bbox 450 2618 1012 2652">
    <p class='ocr_par' dir='ltr' id='par_1_4' title="bbox 450 2618 1012 2652">
     <span class='ocr_line' id='line_1_48' title="bbox 450 2618 1012 2652; baseline -0.004 -7"><span class='ocrx_word' id='word_1_242' title='bbox 450 2621 459 2645; x_wconf 79' lang='lat'>1</span> <span class='ocrx_word' id='word_1_243' title='bbox 486 2619 554 2644; x_wconf 56' lang='lat' dir='ltr'>[silit.</span> <span class='ocrx_word' id='word_1_244' title='bbox 574 2618 650 2644; x_wconf 69' lang='lat' dir='ltr'>Mam.</span> <span class='ocrx_word' id='word_1_245' title='bbox 670 2618 731 2651; x_wconf 62' lang='lat' dir='ltr'>legit</span> <span class='ocrx_word' id='word_1_246' title='bbox 749 2628 783 2643; x_wconf 71' lang='lat' dir='ltr'>ou</span> <span class='ocrx_word' id='word_1_247' title='bbox 804 2627 849 2652; x_wconf 73' lang='lat' dir='ltr'>pro</span> <span class='ocrx_word' id='word_1_248' title='bbox 867 2627 898 2643; x_wconf 63' lang='lat' dir='ltr'>tic</span> <span class='ocrx_word' id='word_1_249' title='bbox 917 2623 955 2651; x_wconf 60' lang='lat' dir='ltr'>(tt.</span> <span class='ocrx_word' id='word_1_250' title='bbox 973 2618 1012 2652; x_wconf 85' lang='lat' dir='ltr'>T.)</span> 
     </span>
    </p>
   </div>
   <div class='ocr_carea' id='block_1_5' title="bbox 1185 221 1933 2639">
    <p class='ocr_par' dir='ltr' id='par_1_5' title="bbox 1193 221 1344 245">
     <span class='ocr_line' id='line_1_49' title="bbox 1193 221 1344 245; baseline 0 -1"><span class='ocrx_word' id='word_1_251' title='bbox 1193 221 1344 245; x_wconf 48' lang='lat' dir='ltr'>uolumen</span> 
     </span>
    </p>

    <p class='ocr_par' dir='ltr' id='par_1_6' title="bbox 1185 267 1933 2639">
     <span class='ocr_line' id='line_1_50' title="bbox 1185 267 1922 311; baseline 0 -10"><span class='ocrx_word' id='word_1_252' title='bbox 1185 269 1231 301; x_wconf 91' lang='lat' dir='ltr'>les</span> <span class='ocrx_word' id='word_1_253' title='bbox 1255 268 1423 311; x_wconf 87' lang='lat' dir='ltr'>portiones</span> <span class='ocrx_word' id='word_1_254' title='bbox 1449 267 1599 301; x_wconf 88' lang='lat' dir='ltr'>distincte</span> <span class='ocrx_word' id='word_1_255' title='bbox 1618 273 1649 300; x_wconf 87' lang='lat' dir='ltr'>et</span> <span class='ocrx_word' id='word_1_256' title='bbox 1672 267 1846 311; x_wconf 85' lang='lat' dir='ltr'>separatim</span> <span class='ocrx_word' id='word_1_257' title='bbox 1861 276 1922 311; x_wconf 77' lang='lat' dir='ltr'>per</span> 
     </span>
     <span class='ocr_line' id='line_1_51' title="bbox 1186 321 1924 364; baseline 0.001 -11"><span class='ocrx_word' id='word_1_258' title='bbox 1186 327 1323 364; x_wconf 88' lang='lat' dir='ltr'>quatuor</span> <span class='ocrx_word' id='word_1_259' title='bbox 1340 331 1496 364; x_wconf 80' lang='lat' dir='ltr'>personas</span> <span class='ocrx_word' id='word_1_260' title='bbox 1513 321 1658 355; x_wconf 87' lang='lat' dir='ltr'>diversas</span> <span class='ocrx_word' id='word_1_261' title='bbox 1677 321 1874 355; x_wconf 83' lang='lat' dir='ltr'>exercendas</span> <span class='ocrx_word' id='word_1_262' title='bbox 1891 325 1924 354; x_wconf 81' lang='lat' dir='ltr'>et</span> 
     </span>
     <span class='ocr_line' id='line_1_52' title="bbox 1186 373 1924 418; baseline 0.003 -12"><span class='ocrx_word' id='word_1_263' title='bbox 1186 374 1457 408; x_wconf 74' lang='lat' dir='ltr'>administrandas</span> <span class='ocrx_word' id='word_1_264' title='bbox 1482 373 1689 407; x_wconf 86' lang='lat' dir='ltr'>diviserimus</span> <span class='ocrx_word' id='word_1_265' title='bbox 1707 380 1739 407; x_wconf 88' lang='lat' dir='ltr'>et</span> <span class='ocrx_word' id='word_1_266' title='bbox 1755 384 1924 418; x_wconf 87' lang='lat' dir='ltr'>separave-</span> 
     </span>
     <span class='ocr_line' id='line_1_53' title="bbox 1187 428 1924 462; baseline 0.004 -3"><span class='ocrx_word' id='word_1_267' title='bbox 1187 428 1289 460; x_wconf 80' lang='lat' dir='ltr'>rimus</span> <span class='ocrx_word' id='word_1_268' title='bbox 1315 428 1413 460; x_wconf 85' lang='lat' dir='ltr'>modo</span> <span class='ocrx_word' id='word_1_269' title='bbox 1439 433 1471 461; x_wconf 89' lang='lat' dir='ltr'>et</span> <span class='ocrx_word' id='word_1_270' title='bbox 1495 428 1597 461; x_wconf 79' lang='lat' dir='ltr'>forma</span> <span class='ocrx_word' id='word_1_271' title='bbox 1625 439 1661 461; x_wconf 87' lang='lat' dir='ltr'>ac</span> <span class='ocrx_word' id='word_1_272' title='bbox 1698 439 1735 461; x_wconf 83' lang='lat' dir='ltr'>ex</span> <span class='ocrx_word' id='word_1_273' title='bbox 1759 428 1863 461; x_wconf 82' lang='lat' dir='ltr'>causis</span> <span class='ocrx_word' id='word_1_274' title='bbox 1891 433 1924 462; x_wconf 84' lang='lat' dir='ltr'>et</span> 
     </span>
     <span class='ocr_line' id='line_1_54' title="bbox 1189 481 1922 525; baseline 0.004 -12"><span class='ocrx_word' id='word_1_275' title='bbox 1189 481 1369 514; x_wconf 86' lang='lat' dir='ltr'>rationibus</span> <span class='ocrx_word' id='word_1_276' title='bbox 1387 481 1420 514; x_wconf 88' lang='lat' dir='ltr'>in</span> <span class='ocrx_word' id='word_1_277' title='bbox 1445 482 1681 525; x_wconf 88' lang='lat' dir='ltr'>motusproprii</span> <span class='ocrx_word' id='word_1_278' title='bbox 1698 482 1813 516; x_wconf 71' lang='lat' dir='ltr'>cedula</span> <span class='ocrx_word' id='word_1_279' title='bbox 1826 487 1922 516; x_wconf 79' lang='lat' dir='ltr'>manu</span> 
     </span>
     <span class='ocr_line' id='line_1_55' title="bbox 1188 535 1924 579; baseline 0.004 -13"><span class='ocrx_word' id='word_1_280' title='bbox 1188 537 1300 567; x_wconf 74' lang='lat' dir='ltr'>nostra</span> <span class='ocrx_word' id='word_1_281' title='bbox 1325 535 1466 578; x_wconf 86' lang='lat' dir='ltr'>desuper</span> <span class='ocrx_word' id='word_1_282' title='bbox 1489 535 1675 578; x_wconf 77' lang='lat' dir='ltr'>subsignata</span> <span class='ocrx_word' id='word_1_283' title='bbox 1699 536 1826 579; x_wconf 84' lang='lat' dir='ltr'>plenius</span> <span class='ocrx_word' id='word_1_284' title='bbox 1851 546 1924 569; x_wconf 88' lang='lat' dir='ltr'>con-</span> 
     </span>
     <span class='ocr_line' id='line_1_56' title="bbox 1190 580 1923 631; baseline 0.004 -11"><span class='ocrx_word' id='word_1_285' title='bbox 1190 588 1286 620; x_wconf 81' lang='lat' dir='ltr'>tentis</span> <span class='ocrx_word' id='word_1_286' title='bbox 1305 593 1336 620; x_wconf 85' lang='lat' dir='ltr'>et</span> <span class='ocrx_word' id='word_1_287' title='bbox 1353 588 1532 631; x_wconf 81' lang='lat' dir='ltr'>expressis;</span> <span class='ocrx_word' id='word_1_288' title='bbox 1551 588 1728 621; x_wconf 85' lang='lat' dir='ltr'>successive</span> <span class='ocrx_word' id='word_1_289' title='bbox 1748 580 1865 629; x_wconf 80' lang='lat' dir='ltr'>autern,</span> <span class='ocrx_word' id='word_1_290' title='bbox 1883 590 1923 623; x_wconf 89' lang='lat' dir='ltr'>ad</span> 
     </span>
     <span class='ocr_line' id='line_1_57' title="bbox 1188 641 1924 684; baseline 0.003 -11"><span class='ocrx_word' id='word_1_291' title='bbox 1188 641 1389 674; x_wconf 87' lang='lat' dir='ltr'>dirimendos</span> <span class='ocrx_word' id='word_1_292' title='bbox 1407 641 1537 682; x_wconf 86' lang='lat' dir='ltr'>abusus,</span> <span class='ocrx_word' id='word_1_293' title='bbox 1558 642 1743 684; x_wconf 83' lang='lat' dir='ltr'>multosque</span> <span class='ocrx_word' id='word_1_294' title='bbox 1760 645 1851 674; x_wconf 81' lang='lat' dir='ltr'>casus</span> <span class='ocrx_word' id='word_1_295' title='bbox 1868 652 1924 676; x_wconf 91' lang='lat' dir='ltr'>no-</span> 
     </span>
     <span class='ocr_line' id='line_1_58' title="bbox 1187 695 1924 735; baseline 0.004 -9"><span class='ocrx_word' id='word_1_296' title='bbox 1187 695 1269 727; x_wconf 89' lang='lat' dir='ltr'>viter</span> <span class='ocrx_word' id='word_1_297' title='bbox 1293 699 1422 727; x_wconf 82' lang='lat' dir='ltr'>exortos</span> <span class='ocrx_word' id='word_1_298' title='bbox 1447 695 1669 735; x_wconf 89' lang='lat' dir='ltr'>declarandos,</span> <span class='ocrx_word' id='word_1_299' title='bbox 1691 695 1924 729; x_wconf 88' lang='lat' dir='ltr'>iniunxerimus</span> 
     </span>
     <span class='ocr_line' id='line_1_59' title="bbox 1187 742 1925 791; baseline 0.005 -12"><span class='ocrx_word' id='word_1_300' title='bbox 1187 746 1316 790; x_wconf 89' lang='lat' dir='ltr'>losepto</span> <span class='ocrx_word' id='word_1_301' title='bbox 1330 747 1454 781; x_wconf 82' lang='lat' dir='ltr'>Renato</span> <span class='ocrx_word' id='word_1_302' title='bbox 1472 748 1634 791; x_wconf 83' lang='lat' dir='ltr'>lmperiali</span> <span class='ocrx_word' id='word_1_303' title='bbox 1653 742 1855 782; x_wconf 78' lang='lat' dir='ltr'>thesaurario</span> <span class='ocrx_word' id='word_1_304' title='bbox 1873 759 1925 783; x_wconf 91' lang='lat' dir='ltr'>no-</span> 
     </span>
     <span class='ocr_line' id='line_1_60' title="bbox 1188 795 1925 845; baseline 0.004 -12"><span class='ocrx_word' id='word_1_305' title='bbox 1188 806 1267 840; x_wconf 87' lang='lat' dir='ltr'>stro,</span> <span class='ocrx_word' id='word_1_306' title='bbox 1290 806 1323 832; x_wconf 92' lang='lat' dir='ltr'>ut</span> <span class='ocrx_word' id='word_1_307' title='bbox 1347 801 1479 843; x_wconf 86' lang='lat' dir='ltr'>provide</span> <span class='ocrx_word' id='word_1_308' title='bbox 1504 805 1699 841; x_wconf 85' lang='lat' dir='ltr'>occurreret,</span> <span class='ocrx_word' id='word_1_309' title='bbox 1722 795 1807 845; x_wconf 79' lang='lat' dir='ltr'>&#39;qnod</span> <span class='ocrx_word' id='word_1_310' title='bbox 1833 813 1925 836; x_wconf 90' lang='lat' dir='ltr'>mon-</span> 
     </span>
     <span class='ocr_line' id='line_1_61' title="bbox 1189 853 1926 898; baseline 0.005 -14"><span class='ocrx_word' id='word_1_311' title='bbox 1189 857 1235 886; x_wconf 88' lang='lat' dir='ltr'>tes</span> <span class='ocrx_word' id='word_1_312' title='bbox 1262 853 1408 895; x_wconf 71' lang='lat' dir='ltr'>prael‘ati,</span> <span class='ocrx_word' id='word_1_313' title='bbox 1438 864 1474 886; x_wconf 84' lang='lat' dir='ltr'>ae</span> <span class='ocrx_word' id='word_1_314' title='bbox 1498 853 1703 896; x_wconf 78' lang='lat' dir='ltr'>scripturae,</span> <span class='ocrx_word' id='word_1_315' title='bbox 1732 859 1764 887; x_wconf 87' lang='lat' dir='ltr'>et</span> <span class='ocrx_word' id='word_1_316' title='bbox 1788 855 1926 898; x_wconf 78' lang='lat' dir='ltr'>negocia</span> 
     </span>
     <span class='ocr_line' id='line_1_62' title="bbox 1189 903 1927 948; baseline 0.005 -11"><span class='ocrx_word' id='word_1_317' title='bbox 1189 905 1228 938; x_wconf 88' lang='lat' dir='ltr'>ab</span> <span class='ocrx_word' id='word_1_318' title='bbox 1254 905 1299 937; x_wconf 85' lang='lat' dir='ltr'>eis</span> <span class='ocrx_word' id='word_1_319' title='bbox 1325 903 1545 948; x_wconf 80' lang='lat' dir='ltr'>dependentia</span> <span class='ocrx_word' id='word_1_320' title='bbox 1578 907 1668 939; x_wconf 89' lang='lat' dir='ltr'>omni</span> <span class='ocrx_word' id='word_1_321' title='bbox 1693 907 1800 940; x_wconf 67' lang='lat' dir='ltr'>debita</span> <span class='ocrx_word' id='word_1_322' title='bbox 1824 906 1927 941; x_wconf 81' lang='lat' dir='ltr'>tideli-</span> 
     </span>
     <span class='ocr_line' id='line_1_63' title="bbox 1190 953 1927 1003; baseline 0.005 -13"><span class='ocrx_word' id='word_1_323' title='bbox 1190 964 1251 991; x_wconf 83' lang='lat' dir='ltr'>tate</span> <span class='ocrx_word' id='word_1_324' title='bbox 1278 958 1594 1000; x_wconf 76' lang='lat' dir='ltr'>administrarentur,</span> <span class='ocrx_word' id='word_1_325' title='bbox 1618 970 1654 992; x_wconf 89' lang='lat' dir='ltr'>ae</span> <span class='ocrx_word' id='word_1_326' title='bbox 1678 953 1855 1003; x_wconf 85' lang='lat' dir='ltr'>respective</span> <span class='ocrx_word' id='word_1_327' title='bbox 1875 971 1927 994; x_wconf 88' lang='lat' dir='ltr'>cu-</span> 
     </span>
     <span class='ocr_line' id='line_1_64' title="bbox 1189 1006 1927 1055; baseline 0.005 -12"><span class='ocrx_word' id='word_1_328' title='bbox 1189 1011 1408 1051; x_wconf 85' lang='lat' dir='ltr'>stodirentur,</span> <span class='ocrx_word' id='word_1_329' title='bbox 1436 1021 1622 1055; x_wconf 84' lang='lat' dir='ltr'>poenasque</span> <span class='ocrx_word' id='word_1_330' title='bbox 1654 1023 1711 1045; x_wconf 90' lang='lat' dir='ltr'>suo</span> <span class='ocrx_word' id='word_1_331' title='bbox 1736 1006 1869 1051; x_wconf 81' lang='lat' dir='ltr'>arbitrio</span> <span class='ocrx_word' id='word_1_332' title='bbox 1893 1008 1927 1047; x_wconf 83' lang='lat' dir='ltr'>in</span> 
     </span>
     <span class='ocr_line' id='line_1_65' title="bbox 1190 1062 1927 1107; baseline 0.004 -11"><span class='ocrx_word' id='word_1_333' title='bbox 1190 1063 1461 1097; x_wconf 79' lang='lat' dir='ltr'>contrafacientes</span> <span class='ocrx_word' id='word_1_334' title='bbox 1493 1065 1675 1107; x_wconf 81' lang='lat' dir='ltr'>irrogaret,</span> <span class='ocrx_word' id='word_1_335' title='bbox 1709 1065 1814 1098; x_wconf 81' lang='lat' dir='ltr'>eidem</span> <span class='ocrx_word' id='word_1_336' title='bbox 1845 1062 1927 1100; x_wconf 86' lang='lat' dir='ltr'>ulte-</span> 
     </span>
     <span class='ocr_line' id='line_1_66' title="bbox 1190 1112 1927 1159; baseline 0.004 -10"><span class='ocrx_word' id='word_1_337' title='bbox 1190 1117 1257 1149; x_wconf 87' lang='lat' dir='ltr'>rius</span> <span class='ocrx_word' id='word_1_338' title='bbox 1283 1117 1517 1151; x_wconf 86' lang='lat' dir='ltr'>committendo</span> <span class='ocrx_word' id='word_1_339' title='bbox 1535 1145 1543 1158; x_wconf 92' lang='lat'>,</span> <span class='ocrx_word' id='word_1_340' title='bbox 1569 1123 1626 1159; x_wconf 91' lang='lat' dir='ltr'>ut,</span> <span class='ocrx_word' id='word_1_341' title='bbox 1653 1118 1693 1151; x_wconf 86' lang='lat' dir='ltr'>ad</span> <span class='ocrx_word' id='word_1_342' title='bbox 1729 1112 1927 1152; x_wconf 78' lang='lat' dir='ltr'>removenda</span> 
     </span>
     <span class='ocr_line' id='line_1_67' title="bbox 1191 1164 1928 1213; baseline 0.005 -12"><span class='ocrx_word' id='word_1_343' title='bbox 1191 1170 1375 1212; x_wconf 74' lang='lat' dir='ltr'>gravamina</span> <span class='ocrx_word' id='word_1_344' title='bbox 1400 1164 1483 1213; x_wconf 78' lang='lat' dir='ltr'>quae</span> <span class='ocrx_word' id='word_1_345' title='bbox 1508 1170 1594 1203; x_wconf 86' lang='lat' dir='ltr'>circa</span> <span class='ocrx_word' id='word_1_346' title='bbox 1619 1169 1815 1204; x_wconf 78' lang='lat' dir='ltr'>solutionem</span> <span class='ocrx_word' id='word_1_347' title='bbox 1843 1180 1928 1205; x_wconf 85' lang='lat' dir='ltr'>emo-</span> 
     </span>
     <span class='ocr_line' id='line_1_68' title="bbox 1190 1219 1928 1258; baseline 0.005 -4"><span class='ocrx_word' id='word_1_348' title='bbox 1190 1223 1408 1256; x_wconf 86' lang='lat' dir='ltr'>lumentorum</span> <span class='ocrx_word' id='word_1_349' title='bbox 1426 1234 1463 1256; x_wconf 85' lang='lat' dir='ltr'>ac</span> <span class='ocrx_word' id='word_1_350' title='bbox 1489 1224 1678 1257; x_wconf 86' lang='lat' dir='ltr'>mercedum</span> <span class='ocrx_word' id='word_1_351' title='bbox 1704 1219 1767 1256; x_wconf 76' lang='lat' dir='ltr'>ta&#39;m</span> <span class='ocrx_word' id='word_1_352' title='bbox 1792 1219 1928 1258; x_wconf 75' lang='lat' dir='ltr'>secreta-</span> 
     </span>
     <span class='ocr_line' id='line_1_69' title="bbox 1191 1276 1927 1319; baseline 0.004 -11"><span class='ocrx_word' id='word_1_353' title='bbox 1191 1276 1245 1309; x_wconf 88' lang='lat' dir='ltr'>riis</span> <span class='ocrx_word' id='word_1_354' title='bbox 1272 1287 1366 1319; x_wconf 85' lang='lat' dir='ltr'>quam</span> <span class='ocrx_word' id='word_1_355' title='bbox 1401 1277 1471 1310; x_wconf 86' lang='lat' dir='ltr'>aliis</span> <span class='ocrx_word' id='word_1_356' title='bbox 1509 1276 1700 1310; x_wconf 83' lang='lat' dir='ltr'>officialibus</span> <span class='ocrx_word' id='word_1_357' title='bbox 1736 1279 1927 1311; x_wconf 88' lang='lat' dir='ltr'>eorumdem</span> 
     </span>
     <span class='ocr_line' id='line_1_70' title="bbox 1191 1325 1928 1374; baseline 0.003 -12"><span class='ocrx_word' id='word_1_358' title='bbox 1191 1330 1350 1362; x_wconf 80' lang='lat' dir='ltr'>montium</span> <span class='ocrx_word' id='word_1_359' title='bbox 1371 1330 1563 1370; x_wconf 89' lang='lat' dir='ltr'>debitorum,</span> <span class='ocrx_word' id='word_1_360' title='bbox 1582 1325 1744 1373; x_wconf 84' lang='lat' dir='ltr'>congruas</span> <span class='ocrx_word' id='word_1_361' title='bbox 1768 1331 1928 1374; x_wconf 88' lang='lat' dir='ltr'>provisio-</span> 
     </span>
     <span class='ocr_line' id='line_1_71' title="bbox 1192 1378 1929 1428; baseline 0.004 -13"><span class='ocrx_word' id='word_1_362' title='bbox 1192 1394 1259 1423; x_wconf 87' lang='lat' dir='ltr'>nes,</span> <span class='ocrx_word' id='word_1_363' title='bbox 1276 1388 1361 1415; x_wconf 81' lang='lat' dir='ltr'>taxas</span> <span class='ocrx_word' id='word_1_364' title='bbox 1376 1389 1407 1416; x_wconf 87' lang='lat' dir='ltr'>et</span> <span class='ocrx_word' id='word_1_365' title='bbox 1420 1378 1642 1417; x_wconf 88' lang='lat' dir='ltr'>ordinationes</span> <span class='ocrx_word' id='word_1_366' title='bbox 1657 1378 1799 1428; x_wconf 82' lang='lat' dir='ltr'>desuper</span> <span class='ocrx_word' id='word_1_367' title='bbox 1813 1389 1929 1418; x_wconf 87' lang='lat' dir='ltr'>statue·</span> 
     </span>
     <span class='ocr_line' id='line_1_72' title="bbox 1192 1436 1925 1479; baseline 0.003 -11"><span class='ocrx_word' id='word_1_368' title='bbox 1192 1442 1260 1476; x_wconf 68' lang='lat' dir='ltr'>retg</span> <span class='ocrx_word' id='word_1_369' title='bbox 1289 1446 1426 1479; x_wconf 80' lang='lat' dir='ltr'>cumque</span> <span class='ocrx_word' id='word_1_370' title='bbox 1443 1436 1528 1469; x_wconf 87' lang='lat' dir='ltr'>idem</span> <span class='ocrx_word' id='word_1_371' title='bbox 1555 1437 1775 1470; x_wconf 86' lang='lat' dir='ltr'>thesausarius</span> <span class='ocrx_word' id='word_1_372' title='bbox 1800 1443 1925 1478; x_wconf 88' lang='lat' dir='ltr'>noster,</span> 
     </span>
     <span class='ocr_line' id='line_1_73' title="bbox 1192 1487 1930 1532; baseline 0.004 -12"><span class='ocrx_word' id='word_1_373' title='bbox 1192 1489 1307 1521; x_wconf 85' lang='lat' dir='ltr'>auditis</span> <span class='ocrx_word' id='word_1_374' title='bbox 1331 1489 1478 1531; x_wconf 89' lang='lat' dir='ltr'>pluribus</span> <span class='ocrx_word' id='word_1_375' title='bbox 1508 1490 1546 1522; x_wconf 92' lang='lat' dir='ltr'>de</span> <span class='ocrx_word' id='word_1_376' title='bbox 1572 1490 1758 1532; x_wconf 84' lang='lat' dir='ltr'>praemissis</span> <span class='ocrx_word' id='word_1_377' title='bbox 1774 1487 1930 1523; x_wconf 79' lang='lat' dir='ltr'>informa-</span> 
     </span>
     <span class='ocr_line' id='line_1_74' title="bbox 1193 1540 1929 1586; baseline 0.003 -12"><span class='ocrx_word' id='word_1_378' title='bbox 1193 1541 1252 1581; x_wconf 80' lang='lat' dir='ltr'>tis,</span> <span class='ocrx_word' id='word_1_379' title='bbox 1279 1547 1467 1585; x_wconf 86' lang='lat' dir='ltr'>matureque</span> <span class='ocrx_word' id='word_1_380' title='bbox 1504 1542 1674 1586; x_wconf 86' lang='lat' dir='ltr'>perpensis</span> <span class='ocrx_word' id='word_1_381' title='bbox 1698 1540 1929 1577; x_wconf 68' lang='lat' dir='ltr'>reformatione</span> 
     </span>
     <span class='ocr_line' id='line_1_75' title="bbox 1193 1594 1929 1639; baseline 0.003 -13"><span class='ocrx_word' id='word_1_382' title='bbox 1193 1594 1268 1627; x_wconf 85' lang='lat' dir='ltr'>dicti</span> <span class='ocrx_word' id='word_1_383' title='bbox 1296 1595 1384 1627; x_wconf 78' lang='lat' dir='ltr'>Pauli</span> <span class='ocrx_word' id='word_1_384' title='bbox 1409 1595 1431 1627; x_wconf 79' lang='lat' dir='ltr'>V</span> <span class='ocrx_word' id='word_1_385' title='bbox 1456 1600 1551 1638; x_wconf 86' lang='lat' dir='ltr'>atque</span> <span class='ocrx_word' id='word_1_386' title='bbox 1578 1596 1674 1628; x_wconf 84' lang='lat' dir='ltr'>etiam</span> <span class='ocrx_word' id='word_1_387' title='bbox 1699 1595 1929 1639; x_wconf 82' lang='lat' dir='ltr'>chirographis</span> 
     </span>
     <span class='ocr_line' id='line_1_76' title="bbox 1193 1646 1930 1691; baseline 0 -10"><span class='ocrx_word' id='word_1_388' title='bbox 1193 1648 1338 1691; x_wconf 75' lang='lat' dir='ltr'>Gregorii</span> <span class='ocrx_word' id='word_1_389' title='bbox 1364 1648 1426 1688; x_wconf 74' lang='lat' dir='ltr'>XV,</span> <span class='ocrx_word' id='word_1_390' title='bbox 1446 1648 1566 1681; x_wconf 86' lang='lat' dir='ltr'>Urbani</span> <span class='ocrx_word' id='word_1_391' title='bbox 1587 1648 1650 1681; x_wconf 72' lang='lat' dir='ltr'>Vlll</span> <span class='ocrx_word' id='word_1_392' title='bbox 1669 1653 1700 1681; x_wconf 88' lang='lat' dir='ltr'>et</span> <span class='ocrx_word' id='word_1_393' title='bbox 1717 1646 1889 1682; x_wconf 77' lang='lat' dir='ltr'>Clementis</span> <span class='ocrx_word' id='word_1_394' title='bbox 1904 1649 1930 1681; x_wconf 86' lang='lat' dir='ltr'>X</span> 
     </span>
     <span class='ocr_line' id='line_1_77' title="bbox 1193 1701 1931 1744; baseline 0.001 -10"><span class='ocrx_word' id='word_1_395' title='bbox 1193 1712 1292 1744; x_wconf 85' lang='lat' dir='ltr'>super</span> <span class='ocrx_word' id='word_1_396' title='bbox 1325 1702 1449 1734; x_wconf 82' lang='lat' dir='ltr'>eisdem</span> <span class='ocrx_word' id='word_1_397' title='bbox 1481 1701 1645 1734; x_wconf 87' lang='lat' dir='ltr'>montibus</span> <span class='ocrx_word' id='word_1_398' title='bbox 1676 1701 1789 1734; x_wconf 85' lang='lat' dir='ltr'>diebus</span> <span class='ocrx_word' id='word_1_399' title='bbox 1813 1712 1850 1735; x_wconf 89' lang='lat'>111</span> <span class='ocrx_word' id='word_1_400' title='bbox 1876 1701 1931 1735; x_wconf 90' lang='lat' dir='ltr'>de-</span> 
     </span>
     <span class='ocr_line' id='line_1_78' title="bbox 1193 1754 1930 1796; baseline 0 -8"><span class='ocrx_word' id='word_1_401' title='bbox 1193 1755 1333 1788; x_wconf 84' lang='lat' dir='ltr'>cembris</span> <span class='ocrx_word' id='word_1_402' title='bbox 1364 1764 1514 1793; x_wconf 78' lang='lat' dir='ltr'>MDCxxn,</span> <span class='ocrx_word' id='word_1_403' title='bbox 1538 1765 1595 1788; x_wconf 77' lang='lat' dir='ltr'>xin</span> <span class='ocrx_word' id='word_1_404' title='bbox 1621 1754 1757 1788; x_wconf 86' lang='lat' dir='ltr'>ianuarii</span> <span class='ocrx_word' id='word_1_405' title='bbox 1781 1756 1930 1796; x_wconf 76' lang='lat' dir='ltr'>iincxxiv,</span> 
     </span>
     <span class='ocr_line' id='line_1_79' title="bbox 1194 1808 1933 1852; baseline 0 -11"><span class='ocrx_word' id='word_1_406' title='bbox 1194 1820 1230 1841; x_wconf 82' lang='lat' dir='ltr'>ae</span> <span class='ocrx_word' id='word_1_407' title='bbox 1254 1819 1298 1841; x_wconf 84' lang='lat' dir='ltr'>xn</span> <span class='ocrx_word' id='word_1_408' title='bbox 1324 1808 1517 1851; x_wconf 81' lang='lat' dir='ltr'>septembris</span> <span class='ocrx_word' id='word_1_409' title='bbox 1535 1818 1672 1841; x_wconf 67' lang='lat' dir='ltr'>mnerxxt</span> <span class='ocrx_word' id='word_1_410' title='bbox 1690 1808 1870 1852; x_wconf 84' lang='lat' dir='ltr'>respective</span> <span class='ocrx_word' id='word_1_411' title='bbox 1891 1809 1933 1841; x_wconf 91' lang='lat' dir='ltr'>si-</span> 
     </span>
     <span class='ocr_line' id='line_1_80' title="bbox 1194 1860 1915 1904; baseline -0.001 -10"><span class='ocrx_word' id='word_1_412' title='bbox 1194 1862 1309 1904; x_wconf 68' lang='lat' dir='ltr'>gnatis,</span> <span class='ocrx_word' id='word_1_413' title='bbox 1326 1871 1456 1894; x_wconf 77' lang='lat' dir='ltr'>necnon</span> <span class='ocrx_word' id='word_1_414' title='bbox 1474 1861 1571 1893; x_wconf 85' lang='lat' dir='ltr'>etiam</span> <span class='ocrx_word' id='word_1_415' title='bbox 1597 1861 1735 1894; x_wconf 86' lang='lat' dir='ltr'>decretis</span> <span class='ocrx_word' id='word_1_416' title='bbox 1752 1872 1770 1894; x_wconf 85' lang='lat' dir='ltr'>a</span> <span class='ocrx_word' id='word_1_417' title='bbox 1787 1860 1915 1904; x_wconf 79' lang='lat' dir='ltr'>Congra</span> 
     </span>
     <span class='ocr_line' id='line_1_81' title="bbox 1194 1913 1932 1957; baseline 0.001 -11"><span class='ocrx_word' id='word_1_418' title='bbox 1194 1915 1324 1957; x_wconf 81' lang='lat' dir='ltr'>gatione</span> <span class='ocrx_word' id='word_1_419' title='bbox 1349 1924 1447 1957; x_wconf 86' lang='lat' dir='ltr'>super</span> <span class='ocrx_word' id='word_1_420' title='bbox 1479 1913 1601 1946; x_wconf 85' lang='lat' dir='ltr'>eisdem</span> <span class='ocrx_word' id='word_1_421' title='bbox 1631 1914 1795 1947; x_wconf 89' lang='lat' dir='ltr'>montibus</span> <span class='ocrx_word' id='word_1_422' title='bbox 1829 1914 1932 1957; x_wconf 83' lang='lat' dir='ltr'>depti-</span> 
     </span>
     <span class='ocr_line' id='line_1_82' title="bbox 1195 1966 1932 2010; baseline -0.001 -10"><span class='ocrx_word' id='word_1_423' title='bbox 1195 1970 1258 2000; x_wconf 79' lang='lat' dir='ltr'>tata</span> <span class='ocrx_word' id='word_1_424' title='bbox 1294 1966 1463 1999; x_wconf 87' lang='lat' dir='ltr'>occasione</span> <span class='ocrx_word' id='word_1_425' title='bbox 1490 1966 1629 2009; x_wconf 89' lang='lat' dir='ltr'>plurium</span> <span class='ocrx_word' id='word_1_426' title='bbox 1669 1972 1799 1999; x_wconf 86' lang='lat' dir='ltr'>casuum</span> <span class='ocrx_word' id='word_1_427' title='bbox 1831 1967 1932 2010; x_wconf 82' lang='lat' dir='ltr'>parti-</span> 
     </span>
     <span class='ocr_line' id='line_1_83' title="bbox 1194 2020 1932 2063; baseline 0 -9"><span class='ocrx_word' id='word_1_428' title='bbox 1194 2022 1349 2054; x_wconf 84' lang='lat' dir='ltr'>cularium</span> <span class='ocrx_word' id='word_1_429' title='bbox 1368 2020 1534 2059; x_wconf 88' lang='lat' dir='ltr'>emanatis,</span> <span class='ocrx_word' id='word_1_430' title='bbox 1552 2020 1770 2053; x_wconf 88' lang='lat' dir='ltr'>bannimentis</span> <span class='ocrx_word' id='word_1_431' title='bbox 1792 2030 1932 2063; x_wconf 88' lang='lat' dir='ltr'>quoque,</span> 
     </span>
     <span class='ocr_line' id='line_1_84' title="bbox 1193 2073 1930 2117; baseline 0 -11"><span class='ocrx_word' id='word_1_432' title='bbox 1193 2075 1330 2117; x_wconf 80' lang='lat' dir='ltr'>aliisque</span> <span class='ocrx_word' id='word_1_433' title='bbox 1367 2073 1629 2106; x_wconf 86' lang='lat' dir='ltr'>ordinationibus</span> <span class='ocrx_word' id='word_1_434' title='bbox 1666 2073 1805 2116; x_wconf 85' lang='lat' dir='ltr'>desuper</span> <span class='ocrx_word' id='word_1_435' title='bbox 1839 2073 1930 2106; x_wconf 85' lang='lat' dir='ltr'>sactis</span> 
     </span>
     <span class='ocr_line' id='line_1_85' title="bbox 1195 2126 1931 2169; baseline -0.001 -9"><span class='ocrx_word' id='word_1_436' title='bbox 1195 2132 1226 2160; x_wconf 88' lang='lat' dir='ltr'>et</span> <span class='ocrx_word' id='word_1_437' title='bbox 1243 2127 1350 2166; x_wconf 83' lang='lat' dir='ltr'>editis,</span> <span class='ocrx_word' id='word_1_438' title='bbox 1367 2126 1589 2169; x_wconf 76' lang='lat' dir='ltr'>infrascriptas</span> <span class='ocrx_word' id='word_1_439' title='bbox 1607 2126 1822 2169; x_wconf 85' lang='lat' dir='ltr'>provisiones,</span> <span class='ocrx_word' id='word_1_440' title='bbox 1843 2126 1931 2159; x_wconf 85' lang='lat' dir='ltr'>ordi-</span> 
     </span>
     <span class='ocr_line' id='line_1_86' title="bbox 1193 2178 1932 2222; baseline 0 -10"><span class='ocrx_word' id='word_1_441' title='bbox 1193 2180 1341 2212; x_wconf 79' lang='lat' dir='ltr'>nationes</span> <span class='ocrx_word' id='word_1_442' title='bbox 1366 2185 1397 2211; x_wconf 87' lang='lat' dir='ltr'>et</span> <span class='ocrx_word' id='word_1_443' title='bbox 1422 2185 1509 2212; x_wconf 84' lang='lat' dir='ltr'>taxas</span> <span class='ocrx_word' id='word_1_444' title='bbox 1525 2190 1542 2211; x_wconf 87' lang='lat' dir='ltr'>a</span> <span class='ocrx_word' id='word_1_445' title='bbox 1559 2178 1741 2211; x_wconf 88' lang='lat' dir='ltr'>secretariis</span> <span class='ocrx_word' id='word_1_446' title='bbox 1765 2183 1798 2211; x_wconf 86' lang='lat' dir='ltr'>et</span> <span class='ocrx_word' id='word_1_447' title='bbox 1821 2189 1932 2222; x_wconf 81' lang='lat' dir='ltr'>prose-</span> 
     </span>
     <span class='ocr_line' id='line_1_87' title="bbox 1193 2231 1932 2276; baseline -0.003 -10"><span class='ocrx_word' id='word_1_448' title='bbox 1193 2233 1349 2272; x_wconf 87' lang='lat' dir='ltr'>cretariis,</span> <span class='ocrx_word' id='word_1_449' title='bbox 1377 2232 1591 2276; x_wconf 72' lang='lat' dir='ltr'>depositoriis,</span> <span class='ocrx_word' id='word_1_450' title='bbox 1614 2231 1827 2275; x_wconf 80' lang='lat' dir='ltr'>computistis,</span> <span class='ocrx_word' id='word_1_451' title='bbox 1850 2232 1932 2265; x_wconf 88' lang='lat' dir='ltr'>aliis-</span> 
     </span>
     <span class='ocr_line' id='line_1_88' title="bbox 1194 2285 1930 2330; baseline -0.004 -9"><span class='ocrx_word' id='word_1_452' title='bbox 1194 2299 1255 2330; x_wconf 81' lang='lat' dir='ltr'>que</span> <span class='ocrx_word' id='word_1_453' title='bbox 1293 2287 1484 2320; x_wconf 85' lang='lat' dir='ltr'>officialibus</span> <span class='ocrx_word' id='word_1_454' title='bbox 1522 2291 1553 2318; x_wconf 86' lang='lat' dir='ltr'>et</span> <span class='ocrx_word' id='word_1_455' title='bbox 1587 2285 1766 2324; x_wconf 88' lang='lat' dir='ltr'>ministris,</span> <span class='ocrx_word' id='word_1_456' title='bbox 1803 2295 1930 2318; x_wconf 85' lang='lat' dir='ltr'>necnon</span> 
     </span>
     <span class='ocr_line' id='line_1_89' title="bbox 1192 2337 1932 2381; baseline -0.004 -8"><span class='ocrx_word' id='word_1_457' title='bbox 1192 2341 1287 2373; x_wconf 87' lang='lat' dir='ltr'>ctiam</span> <span class='ocrx_word' id='word_1_458' title='bbox 1307 2339 1494 2372; x_wconf 88' lang='lat' dir='ltr'>eorumdem</span> <span class='ocrx_word' id='word_1_459' title='bbox 1509 2338 1666 2371; x_wconf 78' lang='lat' dir='ltr'>montium</span> <span class='ocrx_word' id='word_1_460' title='bbox 1685 2337 1865 2381; x_wconf 81' lang='lat' dir='ltr'>proxenitis</span> <span class='ocrx_word' id='word_1_461' title='bbox 1880 2348 1932 2381; x_wconf 89' lang='lat' dir='ltr'>pa-</span> 
     </span>
     <span class='ocr_line' id='line_1_90' title="bbox 1192 2390 1930 2434; baseline -0.005 -8"><span class='ocrx_word' id='word_1_462' title='bbox 1192 2394 1270 2426; x_wconf 83' lang='lat' dir='ltr'>riter</span> <span class='ocrx_word' id='word_1_463' title='bbox 1288 2392 1462 2425; x_wconf 85' lang='lat' dir='ltr'>servandas</span> <span class='ocrx_word' id='word_1_464' title='bbox 1480 2392 1540 2424; x_wconf 89' lang='lat' dir='ltr'>sub</span> <span class='ocrx_word' id='word_1_465' title='bbox 1555 2390 1650 2424; x_wconf 87' lang='lat' dir='ltr'>certis</span> <span class='ocrx_word' id='word_1_466' title='bbox 1663 2390 1779 2433; x_wconf 84' lang='lat' dir='ltr'>poenis</span> <span class='ocrx_word' id='word_1_467' title='bbox 1791 2390 1930 2434; x_wconf 86' lang='lat' dir='ltr'>proinde</span> 
     </span>
     <span class='ocr_line' id='line_1_91' title="bbox 1191 2443 1930 2488; baseline -0.004 -9"><span class='ocrx_word' id='word_1_468' title='bbox 1191 2447 1341 2479; x_wconf 78' lang='lat' dir='ltr'>statuerit</span> <span class='ocrx_word' id='word_1_469' title='bbox 1366 2452 1462 2488; x_wconf 86' lang='lat' dir='ltr'>atque</span> <span class='ocrx_word' id='word_1_470' title='bbox 1488 2444 1677 2484; x_wconf 88' lang='lat' dir='ltr'>decreverit,</span> <span class='ocrx_word' id='word_1_471' title='bbox 1699 2443 1930 2487; x_wconf 82' lang='lat' dir='ltr'>praedictaque</span> 
     </span>
     <span class='ocr_line' id='line_1_92' title="bbox 1192 2495 1931 2532; baseline -0.007 0"><span class='ocrx_word' id='word_1_472' title='bbox 1192 2501 1299 2532; x_wconf 90' lang='lat' dir='ltr'>omnia</span> <span class='ocrx_word' id='word_1_473' title='bbox 1325 2498 1463 2531; x_wconf 89' lang='lat' dir='ltr'>subinde</span> <span class='ocrx_word' id='word_1_474' title='bbox 1495 2497 1616 2530; x_wconf 87' lang='lat' dir='ltr'>suerint</span> <span class='ocrx_word' id='word_1_475' title='bbox 1648 2496 1686 2528; x_wconf 85' lang='lat' dir='ltr'>ab</span> <span class='ocrx_word' id='word_1_476' title='bbox 1711 2495 1824 2528; x_wconf 73' lang='lat' dir='ltr'>&#39;eadem</span> <span class='ocrx_word' id='word_1_477' title='bbox 1849 2495 1931 2528; x_wconf 88' lang='lat' dir='ltr'>Con-</span> 
     </span>
     <span class='ocr_line' id='line_1_93' title="bbox 1191 2548 1931 2595; baseline -0.004 -10"><span class='ocrx_word' id='word_1_478' title='bbox 1191 2553 1380 2595; x_wconf 68' lang='lat' dir='ltr'>gregatione</span> <span class='ocrx_word' id='word_1_479' title='bbox 1416 2550 1570 2584; x_wconf 83' lang='lat' dir='ltr'>Montium</span> <span class='ocrx_word' id='word_1_480' title='bbox 1606 2549 1719 2583; x_wconf 87' lang='lat' dir='ltr'>sedulo</span> <span class='ocrx_word' id='word_1_481' title='bbox 1749 2548 1931 2593; x_wconf 85' lang='lat' dir='ltr'>approbata</span> 
     </span>
     <span class='ocr_line' id='line_1_94' title="bbox 1192 2605 1456 2639; baseline -0.008 0"><span class='ocrx_word' id='word_1_482' title='bbox 1192 2612 1222 2639; x_wconf 90' lang='lat' dir='ltr'>et</span> <span class='ocrx_word' id='word_1_483' title='bbox 1248 2605 1456 2638; x_wconf 59' lang='lat' dir='ltr'>confirmata:</span> 
     </span>
    </p>
   </div>
   <div class='ocr_carea' id='block_1_6' title="bbox 1929 218 2111 251">
    <p class='ocr_par' dir='ltr' id='par_1_7' title="bbox 1929 218 2111 251">
     <span class='ocr_line' id='line_1_95' title="bbox 1929 218 2111 251; baseline 0.027 -5"><span class='ocrx_word' id='word_1_484' title='bbox 1929 219 1977 247; x_wconf 80' lang='lat' dir='ltr'>An.</span> <span class='ocrx_word' id='word_1_485' title='bbox 1994 218 2022 247; x_wconf 85' lang='lat' dir='ltr'>C.</span> <span class='ocrx_word' id='word_1_486' title='bbox 2044 219 2111 251; x_wconf 73' lang='lat'>¹68⁹</span> 
     </span>
    </p>
   </div>
  </div>
 </body>
</html>
