2111 3157
359 286 454 322 taxat,
470 283 655 326 specialiter
673 288 704 316 et
721 293 869 327 expresse
885 283 1094 326 derogamus;

361 336 543 379 ceterisque
569 337 739 370 contrariis
764 336 1036 380 quibuscumque.

397 398 491 424 Datum
511 398 620 431 Romae,
632 398 703 434 apud
718 399 745 425 S.
758 398 872 425 Mariam
888 397 1030 431 Maiorem,
1046 397 1097 424 sub

361 443 460 470 annulo
481 442 635 477 piscatoris,
651 443 693 470 die
705 449 788 470 xxvia
798 443 856 470 iulii
871 449 1096 478 nncxxxv1,p0u-

360 487 477 513 tifieatus
496 487 584 514 nostri
604 493 673 515 anno
693 494 748 514 x111.

165 229 218 258 An.
235 230 263 257 C.
288 229 353 258 1679

698 542 737 575 M.
765 541 802 575 A.
824 541 1006 576 Maruors.

448 597 533 630 Loco
558 599 580 637 †
605 596 704 639 sigilli
729 609 759 629 ».

405 661 443 694 Et
471 660 607 693 subinde
642 670 701 703 pro
733 664 824 703 parte
856 664 932 692 tunc
963 658 1100 690 existen-

363 715 440 747 tium
477 715 609 746 fratrum
642 713 745 746 dictae
776 712 963 756 provinciae
995 711 1025 744 S.
1054 711 1101 743 Io-

349 769 457 812 ,sephi
489 769 576 801 dicto
607 767 736 800 Urbano
769 765 1017 810 praedecessori
1049 775 1100 797 ex-

189 809 201 851 i·
303 806 488 866 iiii-'‘posito,
530 821 618 864 quod
658 830 717 863 pro
756 819 842 852 felici
883 818 1100 862 praelatarum

184 866 200 906 Ιιιῖ
299 869 352 911 ‘essf
365 877 535 909 domorum
567 874 766 916 regularium
799 883 857 905 scu
882 876 1100 904 conventuum

170 918 209 983 iifl!
247 916 395 987 ἷιῖιξῖἶιῖὶὲἶδ.
424 929 541 970 ,Eg-iuti
567 933 599 960 et
622 928 650 959 S.
674 926 865 959 Bernardini
890 924 1050 967 regimine
1071 928 1102 954 et

170 972 200 983 ΛΠ
215 973 218 984 ι
243 973 255 986 u
275 974 297 987 ra
323 970 354 989 ri-

170 994 292 1017 o-itnmes.
365 982 523 1026 gubernio
550 986 624 1013 tunc
654 980 795 1012 existens
827 978 976 1011 minister
1008 986 1103 1018 genc-

364 1036 441 1069 ralis
477 1034 552 1067 dicti
582 1033 711 1066 Ordinis
737 1033 821 1065 inter
853 1031 916 1064 alia
948 1034 1104 1063 statuerat

365 1093 394 1122 et
419 1088 644 1125 ordinaverat,
673 1091 709 1118 ut
733 1085 850 1117 exteris
875 1083 1039 1122 fratribus,
1064 1081 1101 1113 ad

365 1147 544 1175 conventus
571 1139 758 1172 huiusmodi
791 1148 852 1182 pro
880 1143 1027 1179 tempore
1052 1145 1104 1167 ve-

363 1195 536 1233 nientibus,
575 1198 700 1236 tenipus
735 1191 848 1233 viginti
885 1190 1010 1222 dierum
1045 1198 1104 1230 pro

365 1246 579 1281 terminandis
609 1243 887 1288 expediendisque
912 1251 1027 1275 eorum
1053 1252 1106 1273 ne-

367 1301 463 1343 gotiis
492 1299 723 1341 assignaretur,
760 1303 803 1337 et,
831 1302 989 1340 quatenus
1022 1296 1106 1328 intra

937 247 944 254 .
951 233 1132 258 Bruanium
1157 233 1310 260 ROMAM'M

1881 237 1931 265 An.
1953 238 1982 268 C.
2000 240 2067 269 ¹679

1142 283 1186 316 vis
1212 284 1367 317 emanatis
1388 284 1510 318 tenoris
1535 285 1588 329 qui
1610 286 1768 329 sequitur,
1788 286 1876 321 vide-

1141 337 1237 371 licet:

1190 403 1202 422 α
1232 390 1379 425 Urbanus
1403 392 1474 426 ΡΡ.
1502 392 1588 427 VIII
1601 393 1643 427 ad
1657 393 1804 436 futuram
1829 395 1878 427 rei
1905 406 2068 431 mammam·

1140 446 1344 479 memoriam.
1889 434 1970 459 U¹b³¹¹¹
1986 435 2037 457 ΨΜ

1184 498 1308 542 Exponi
1345 501 1439 533 nobis
1478 512 1583 544 nuper
1618 501 1764 535 fecerunt
1799 501 1880 535 dile-

1142 552 1183 584 cti
1216 553 1272 585 lilii
1307 554 1420 587 fratres
1452 554 1581 588 Ordinis
1614 555 1772 588 Minorum
1807 566 1880 588 san-

1143 606 1184 638 cti
1209 605 1372 639 Francisci
1398 607 1437 640 de
1462 607 1672 641 Observantia
1700 608 1881 641 Discalcea-

1144 665 1248 693 torum
1273 667 1532 704 nuncupatorum
1564 661 1750 705 provinciae
1775 662 1807 695 S.
1834 662 1882 695 lo-

1144 714 1256 756 sephi,
1299 715 1386 757 quod
1426 726 1485 758 pro
1527 715 1614 748 felici
1653 726 1884 759 prosperoque

1144 773 1362 800 conventuum
1386 767 1416 801 S.
1444 768 1561 810 AEgidii
1588 774 1620 801 et
1639 768 1670 801 S.
1690 769 1883 801 Bernardini

1145 819 1220 852 dirti
1247 820 1377 854 Ordinis
1409 821 1520 864 oppidi
1557 821 1674 854 Matriti
1710 821 1884 855 Toletanae

1146 872 1302 905 dioecesis
1328 873 1487 916 regimine
1513 880 1543 907 et
1563 874 1721 917 gubernio
1747 875 1885 908 dilectus

1146 923 1228 957 tilius
1254 926 1391 959 Ioannes
1417 927 1589 967 Merinero,
1616 927 1745 960 Ordinis
1771 928 1886 960 huius-

1147 978 1232 1010 modi
1259 979 1407 1012 minister
1432 980 1605 1022 generalis,
1630 981 1687 1013 sub
1721 981 1772 1014 die
1796 992 1814 1014 x
1840 981 1886 1014 ia-

1147 1031 1251 1062 nuarii
1284 1031 1465 1074 praesentis
1501 1032 1577 1064 anni
1608 1043 1740 1066 nncxm
1776 1034 1888 1067 statuit

1148 1089 1177 1116 et
1204 1084 1363 1117 ordinavit
1385 1089 1421 1116 ut
1445 1085 1484 1117 ab
1510 1085 1627 1118 exteris
1656 1086 1732 1118 dicti
1759 1086 1887 1120 Ordinis

1148 1135 1281 1168 aliarum
1306 1137 1547 1180 provinciarum
1581 1138 1742 1180 religiosis
1769 1139 1888 1172 Discal-

1148 1191 1247 1222 ccatis
1274 1190 1468 1230 huiusmodi,
1495 1191 1549 1233 qui
1574 1191 1607 1223 in
1633 1191 1701 1224 dies
1726 1202 1786 1235 pro
1820 1193 1887 1225 suis

1149 1249 1202 1275 aut
1218 1254 1350 1276 suorum
1368 1249 1538 1286 parentum
1557 1255 1613 1278 seu
1628 1244 1890 1288 consanguineo-

1149 1306 1219 1328 rum
1244 1296 1382 1338 negotiis
1419 1297 1459 1329 ad
1500 1297 1622 1330 curiam
1658 1297 1815 1330 carissimi
1855 1298 1888 1331 in

367 1355 470 1386 dictos
504 1351 618 1394 viginti
652 1351 721 1384 dies
754 1350 885 1392 negotia
917 1348 1105 1381 huiusmodi
1149 1348 1276 1382 Christo
1294 1349 1350 1382 filii
1372 1350 1474 1382 nostri
1496 1350 1638 1393 Philippi
1658 1350 1887 1393 Hispaniarum

367 1417 433 1440 non
457 1405 708 1448 expedirentur,
734 1403 834 1435 iidem
859 1402 975 1434 fratres
1002 1401 1104 1434 exteri
1150 1402 1237 1444 regis
1261 1401 1413 1435 catholici
1434 1413 1468 1436 se
1493 1404 1674 1444 conserunt,
1693 1413 1733 1435 ne
1751 1414 1890 1436 conven-

368 1471 385 1492 e
411 1459 495 1492 dicta
519 1458 607 1490 curia
636 1457 775 1498 migrare
801 1461 832 1488 et
856 1456 895 1488 ad
927 1465 1000 1487 suas
1031 1466 1107 1498 pro-

367 1513 489 1545 vincias
514 1510 642 1553 regredi
669 1509 839 1548 deberent,
870 1508 982 1541 relicta
1006 1519 1108 1551 penes

367 1570 614 1608 procuratorem
633 1568 811 1595 conventus
827 1562 1032 1604 negotiorum
1051 1562 1109 1594 liu-

368 1617 510 1650 iusmodi
533 1616 811 1660 expediendorum
837 1621 869 1647 et
893 1621 1003 1648 exacte
1020 1615 1109 1648 solli-

370 1671 575 1704 citandorum
614 1671 709 1707 cura,
757 1669 924 1712 praefatus
964 1668 1110 1700 Urbanus

369 1724 605 1767 praedecessor
629 1727 746 1754 statuta
764 1727 796 1754 et
812 1721 1031 1754 ordinationes
1050 1722 1111 1754 liae

372 1787 471 1819 super
506 1786 539 1808 re
572 1775 610 1808 ab
643 1775 758 1807 codem
789 1774 938 1806 ministro
964 1775 1109 1816 generali

372 1830 456 1862 sacta
481 1828 673 1861 auctoritate
699 1827 877 1870 apostolica
908 1827 1112 1860 confirmavit

373 1889 405 1916 et
430 1882 641 1926 approbavit;
665 1887 697 1914 et
713 1887 888 1924 propterea
913 1881 1062 1913 omnibus
1081 1887 1112 1914 ct

374 1937 510 1979 singulis
535 1935 663 1968 Ordinis
696 1941 727 1967 et
751 1940 970 1967 conventuum
1003 1934 1113 1967 liuius-

374 1990 463 2023 modi
488 1989 723 2032 superioribus,
751 1999 956 2031 quocumque
982 1989 1113 2021 nomine

375 2043 590 2086 nuncupatis,
619 2048 693 2075 tunc
719 2047 751 2074 et
784 2052 843 2084 pro
876 2047 1023 2084 ternpore
1050 2042 1115 2074 exi—

377 2096 548 2134 stentibus,
564 2095 595 2127 in
613 2096 731 2127 virtute
752 2100 881 2127 sanctae
897 2095 1112 2133 obedientiae,

378 2161 413 2182 ac
431 2151 489 2182 sub
508 2148 860 2188 excominunicationis,
877 2148 1026 2191 vocisque
1045 2148 1115 2181 acti-

379 2214 435 2234 vae
462 2209 492 2235 et
527 2202 670 2245 passivae
702 2213 737 2235 ac
763 2212 896 2235 suorum
932 2201 1115 2234 officiorum

378 2255 578 2298 privationis,
600 2255 735 2298 aliisque
761 2255 895 2288 arbitrio
920 2265 977 2287 suo
1003 2255 1116 2298 poenis

381 2319 419 2341 co
445 2308 514 2350 ipso
539 2308 662 2350 absque
687 2308 748 2340 alia
774 2307 992 2340 declaratione
1010 2307 1117 2339 incur-

381 2361 688 2399 rendis,11‘1a11davit‚
716 2366 751 2393 ut
774 2360 921 2404 praefata
944 2365 1063 2392 statuta
1087 2365 1118 2392 ct

381 2413 604 2446 ordinationes
629 2419 737 2446 exacte
763 2420 795 2446 et
818 2419 968 2446 accurate
1005 2414 1119 2445 obscr-

382 2472 505 2505 varcnt‚
530 2478 564 2498 ac
590 2467 628 2498 ab
662 2467 730 2499 aliis
767 2467 933 2499 observari
967 2471 1118 2499 curarent

383 2526 414 2552 et
431 2521 583 2556 facerent,
603 2524 635 2551 et
652 2520 739 2559 alias,
759 2525 857 2562 prout
876 2520 1006 2552 uberius
1023 2519 1118 2552 ctiam

383 2573 568 2604 continetur
593 2572 624 2604 in
646 2572 715 2604 aliis
734 2572 878 2605 eiusdem
896 2572 1015 2605 Urbani
1033 2583 1119 2615 prac-

385 2625 564 2660 decessoris
583 2625 697 2658 litteris·
724 2625 844 2669 pariter
869 2626 901 2658 in
923 2626 1026 2660 forma
1044 2627 1119 2660 Bre-

1137 2648 1143 2670 1

1146 1460 1200 1487 ‘tus
1226 1456 1391 1498 praefatos
1421 1456 1454 1488 in
1486 1457 1595 1500 aliquo
1628 1462 1770 1499 gravent,
1808 1468 1889 1490 neve

1151 1508 1354 1551 disciplinam
1380 1510 1560 1552 regularem
1574 1509 1750 1549 inturbont,
1770 1509 1803 1542 in
1819 1509 1890 1553 ipso

1151 1570 1263 1593 eorum
1304 1562 1443 1595 adventu
1476 1562 1670 1604 guardianus
1701 1562 1891 1605 primodicti

1152 1620 1330 1647 conventus
1356 1614 1386 1648 S.
1414 1615 1531 1657 AEgidii
1558 1625 1616 1657 pro
1651 1619 1796 1658 tempore
1825 1615 1892 1648 exi-

1153 1673 1240 1699 stens
1265 1667 1503 1701 obedientiales
1529 1668 1662 1708 litteras,
1693 1678 1773 1711 quas
1806 1668 1893 1701 desc-

1152 1726 1377 1763 runt‚peterc,
1413 1726 1445 1754 et
1469 1731 1626 1764 quaenam
1652 1721 1803 1754 venerint
1827 1731 1887 1754 ne-

1154 1773 1241 1815 gotia
1268 1775 1444 1814 tractaturi,
1480 1773 1638 1806 sciscitari
1674 1780 1706 1806 et
1735 1785 1893 1817 quaerere

1155 1831 1328 1867 teneatur,
1373 1827 1398 1858 si
1434 1837 1507 1859 vero
1555 1826 1754 1869 compererit
1791 1837 1894 1869 nego-

1155 1880 1204 1913 cia
1246 1880 1430 1913 huiusmodi
1465 1890 1531 1913 non
1574 1881 1712 1913 multum
1749 1890 1894 1923 urgere,

1155 1934 1273 1966 fratres
1297 1933 1513 1967 Discalceatos
1547 1939 1674 1966 exteros
1707 1933 1894 1966 huiusmodi

1157 1987 1196 2019 ad
1222 1987 1338 2019 dictam
1373 1987 1495 2020 curiam
1527 1987 1573 2019 sic
1604 1986 1798 2020 accedentes
1827 1997 1894 2020 non

1134 2042 1240 2073 fultra
1274 2041 1408 2074 biduum
1444 2040 1525 2073 inibi
1550 2040 1730 2073 consistere
1756 2045 1789 2073 et
1813 2040 1896 2073 deti-

1157 2094 1228 2127 neri
1249 2099 1360 2134 curet3
1387 2094 1414 2126 si
1432 2099 1540 2126 tamen
1556 2093 1692 2136 negocia
1708 2093 1895 2126 huiusmodi

1158 2147 1243 2179 seria
1267 2152 1299 2179 ct
1322 2146 1471 2189 urgentia
1494 2146 1626 2186 suerint,
1643 2146 1767 2179 eisdem
1791 2146 1897 2179 fratri-

1159 2200 1217 2232 bus
1243 2199 1446 2232 Discalceatis
1478 2200 1595 2233 exteris
1626 2204 1753 2243 tempus
1781 2199 1896 2242 viginti

1160 2253 1282 2286 dierum
1309 2262 1368 2296 pro
1387 2252 1600 2285 terminandis
1621 2252 1897 2296 expediendisque

1161 2318 1273 2340 eorum
1292 2307 1436 2349 negociis
1457 2306 1612 2348 assignet,
1630 2307 1772 2349 illosque
1789 2317 1806 2339 e
1823 2316 1900 2339 con-

1162 2366 1256 2393 ventu
1282 2357 1314 2392 iii
1341 2370 1403 2403 quo
1434 2360 1559 2402 degunt
1588 2359 1712 2402 egredi,
1737 2369 1802 2392 non
1827 2369 1898 2392 cum

1161 2414 1256 2446 sociis
1282 2424 1363 2456 quos
1395 2424 1505 2446 secum
1543 2413 1702 2453 duxerint,
1735 2413 1791 2445 sed
1827 2422 1898 2444 cum

1161 2471 1374 2509 procuratore
1399 2471 1586 2505 conventus,
1623 2470 1678 2497 aut
1702 2476 1773 2498 cum
1809 2465 1899 2499 socio

1162 2519 1236 2551 dicti
1255 2519 1483 2562 procuratoris,
1505 2518 1567 2551 iam
1586 2518 1624 2550 ad
1647 2518 1678 2551 id
1697 2529 1713 2550 a
1730 2518 1899 2562 provincia

1163 2570 1346 2614 (lesignati¹,
1366 2571 1471 2612 facian
1490 2571 1514 2604 si
1532 2581 1609 2604 vero
1628 2571 1795 2614 contingat
1812 2571 1900 2604 intra

1202 2637 1210 2662 l
1233 2635 1298 2662 Male
1318 2635 1383 2661 edit.
1405 2634 1483 2661 Maia.
1505 2633 1569 2669 legit
1588 2635 1740 2669 clesiynari
1754 2634 1796 2668 (R.
1816 2637 1864 2667 T.).
