2111 3157
167 212 217 238 An.
239 210 267 237 c.
291 209 358 237 1670
405 199 469 234 ⁶206

203 1008 260 1031 Quae
275 1007 362 1032 partici-

177 1040 214 1060 pes
249 1037 310 1054 erum
338 1039 360 1051 o-

242 1067 253 1079 n
295 1060 359 1079 turini*

192 1090 293 1107 vahan-uui
314 1086 360 1105 abs-

178 1120 218 1139 que
244 1115 283 1132 ulla

178 1142 318 1160 nninutatmue
331 1139 361 1157 vel

177 1166 334 1192 aggregatione.

306 1119 360 1131 (ἶᾸἸΙι-

213 2588 332 2615 clausulae.

362 258 448 291 modi
473 258 506 290 in
532 256 694 301 quibusvis
719 255 831 288 mundi
856 255 1012 298 partibus,
1034 264 1101 287 ser-

362 313 431 343 vata
457 316 564 342 tamen
590 308 827 341 constitutione
854 307 956 339 felicis
993 317 1086 339 recor

363 363 502 396 dationis
538 361 714 395 Clementis
739 360 802 392 wll
834 359 1101 403 praedecessoris

363 415 467 448 nostri
495 425 575 458 quae
609 414 723 456 incipit
739 413 966 456 Quaecumque
983 423 1003 444 α
1024 412 1102 445 Sede

363 467 570 512 Apostolicsi,
606 471 684 507 ele,
716 477 759 499 vu
792 466 974 499 decembris
1004 475 1102 498 nnetv

365 523 481 560 editae,
518 532 554 552 ac
592 520 797 552 decretorum
839 520 935 552 liuius
972 524 1102 551 sanctae

365 574 467 611 Sedis,
497 573 687 616 praesertim
723 573 808 604 circa
841 572 1025 605 distantiam
1059 573 1105 604 lo-

366 636 474 658 corum
513 625 544 656 in
590 625 756 657 erectione
800 624 1101 657 confraternitatum

366 678 480 710 siu'iilis
506 677 641 709 instituti
667 678 856 710 servandam
882 683 1103 709 emanatorum

368 732 468 764 forma
493 737 523 763 et
557 731 782 774 dispositione,
808 730 954 771 erigendi
992 735 1023 761 et
1058 730 1106 761 in—

367 784 541 823 stituendi,
567 794 805 826 quamcumque
831 784 1048 815 necessariam
1074 789 1106 814 et

369 842 587 879 opportunam
624 836 820 875 facultatem,
860 835 1049 867 auctoritate
1075 841 1106 867 et

370 896 482 923 tenore
513 890 677 932 praefatis,
704 889 874 921 tribuimus
905 894 936 921 et
961 889 1106 931 imparti—

369 953 452 975 mur.

415 996 429 1038 g
453 995 485 1027 Δ..
514 996 557 1027 Ac
587 995 738 1027 omnibus
763 1000 793 1027 et
819 994 955 1035 singulis
986 994 1107 1025 confra-

372 1047 577 1080 ternitatibus
602 1047 769 1089 utriusque
795 1057 889 1077 sexus
916 1045 1129 1077 cliristifide-:

373 1101 450 1132 lium
498 1101 556 1131 sub
594 1100 709 1131 eodem
749 1099 841 1131 titulo
877 1099 930 1130 55.
969 1098 1108 1136 Rosarii,

373 1154 570 1196 ubicumque
596 1154 739 1185 locorum
766 1153 925 1185 hactenus
945 1151 1060 1184 erectis
1078 1156 1108 1183 et

374 1207 404 1238 in
431 1207 573 1238 futurum
591 1206 699 1238 tamin
718 1205 851 1248 praefati
867 1204 995 1242 Ordinis
1013 1215 1108 1247 quam

373 1260 405 1291 in
431 1259 501 1291 aliis
528 1259 726 1302 quibuslibet
755 1257 902 1290 ecclesiis
929 1259 978 1290 vel
1003 1263 1111 1290 orato-

373 1312 429 1344 riis
464 1322 523 1354 per
548 1316 761 1343 memoratum
794 1310 980 1352 magistrum
1015 1320 1112 1352 gene-

373 1366 474 1397 ralem
507 1374 564 1396 seu
601 1363 754 1396 vicarium
791 1364 988 1405 generalem,
1029 1364 1112 1394 sieut

374 1417 601 1461 praemittitur,
628 1417 898 1460 quandocumque
932 1416 1109 1458 erigendis,

374 1471 570 1512 illarumque
589 1470 806 1502 confratribus
824 1475 855 1501 et
868 1469 1112 1509 consororibus,

375 1529 420 1562 nt,
436 1523 542 1555 statim
569 1528 663 1565 atque
690 1521 845 1554 canonica
872 1521 1012 1564 ipsarum
1039 1532 1115 1553 con-

376 1576 616 1608 fraternitatum
639 1575 759 1608 eretuo
780 1575 860 1606 faeta
886 1574 991 1613 fuerit,
1017 1575 1113 1607 etiam

376 1630 496 1672 absque
532 1630 598 1662 ulla
629 1629 904 1671 indulgentiarum
939 1634 971 1660 et
995 1629 1114 1670 gratia-

377 1692 448 1714 rum
486 1682 702 1725 spiritualium
739 1681 1032 1713 communicatione
1065 1683 1112 1714 vel

377 1735 610 1778 aggregatione
637 1735 779 1767 omnium
806 1740 837 1767 et
854 1735 1051 1776 singularum
1072 1734 1115 1766 in-

379 1788 635 1830 dulgentiarum,
665 1788 760 1820 etiam
809 1787 1030 1829 plenariorum
1052 1814 1059 1827 ,
1085 1794 1115 1820 et

378 1841 512 1874 aliarum
539 1841 714 1882 gratiarum
741 1840 957 1883 spiritualium
991 1840 1136 1883 praefa*

379 1900 485 1926 tarum
511 1894 685 1936 participes
710 1893 785 1932 sint,
822 1893 964 1936 dictique
990 1894 1116 1926 confra-

380 1952 444 1979 tres
481 1953 513 1979 et
537 1957 730 1979 consorores
767 1956 881 1979 omnes
905 1951 935 1978 et
962 1946 1115 1988 singulas,
1136 1951 1137 1967 ¹

379 2000 476 2032 etiam
501 1999 673 2042 plenarias,
699 1999 917 2041 indulgentias
947 2004 979 2031 et
1003 2009 1138 2041 peeca-·

380 2058 485 2085 torum
525 2053 737 2085 remissiones
775 2058 805 2085 et
841 2053 1137 2095 poenitentiarum.

379 2105 597 2137 relaxationes
636 2110 835 2147 ceterasque,
871 2105 988 2147 gratias
1022 2105 1137 2147 spiri-1

381 2160 482 2191 tuales
508 2159 539 2190 in
565 2159 739 2190 summario
764 2158 963 2200 praeinserto
988 2164 1116 2190 conten-

381 2217 427 2243 tas
468 2217 500 2244 et
539 2222 728 2253 expressaS,
767 2211 900 2243 servatis
942 2216 1048 2243 tamen
1086 2201 1137 2243 et¹

382 2265 564 2306 adimpletis
590 2264 740 2296 omnibus
766 2264 830 2296 illis
857 2274 938 2306 quae
970 2274 1030 2306 pro
1051 2263 1137 2296 itta-¹

382 2327 452 2349 rum
472 2317 701 2349 consecutione
722 2316 900 2359 respective
918 2316 1117 2359 praescripta

383 2375 464 2408 sunt,
490 2370 658 2412 consequi,
686 2369 813 2412 illisque
838 2369 892 2408 uti,
921 2369 979 2400 frui
998 2374 1025 2401 et
1046 2380 1117 2411 gau-

384 2423 461 2454 dere
487 2423 588 2455 libere
615 2428 645 2454 et
671 2423 754 2454 licite
781 2423 901 2465 possint
924 2428 955 2453 et
979 2423 1139 2461 valeant,.

386 2475 497 2508 cadem
524 2475 723 2513 auctoritate,
750 2476 862 2507 barum
887 2475 979 2514 serie,
1005 2467 1139 2508 conce-³

386 2528 491 2561 dimus
518 2534 545 2559 et
574 2528 790 2569 iiululgeu‘ius.

946 204 1126 231 BULLAmUM
1149 205 1302 231 ROMANUM

1128 1047 1202 1093 ¹sit⁸
1230 1050 1338 1079 nostra
1374 1052 1406 1079 et
1440 1047 1651 1079 cancellariae
1690 1048 1888 1090 apostolicae

431 2582 446 2626 g
471 2580 501 2614 5.
529 2580 744 2614 Decerneutcs
775 2581 904 2614 easdem
929 2586 1117 2625 praesentes

1886 210 1936 238 An.
1957 210 1986 239 C.
2000 211 2068 240 1679

1143 255 1265 288 litteras
1283 265 1411 299 semper
1435 254 1556 298 firmas,
1574 256 1696 291 validas
1721 263 1754 291 et
1776 258 1879 292 effica-

1143 319 1195 341 ces
1220 309 1357 341 existere
1384 313 1416 341 et
1440 309 1517 349 fore,
1544 320 1680 353 suosque
1712 312 1877 354 plenarios

1143 367 1175 393 et
1200 362 1344 403 integros
1369 361 1498 395 elfectns
1530 363 1635 396 sortiri
1663 369 1694 395 et
1718 364 1877 404 obtinere,

1143 425 1178 446 ac
1203 414 1279 451 illis,
1296 415 1335 447 ad
1357 425 1438 458 quos
1464 421 1588 458 spectat
1606 421 1637 448 et
1652 426 1712 459 pro
1731 422 1878 459 tempore

1145 467 1416 510 quandocumque
1442 468 1611 510 spectabit,
1632 468 1662 500 in
1682 469 1833 501 omnibus
1850 474 1882 502 et

1145 530 1202 562 per
1220 519 1328 552 omnia
1341 519 1528 562 plenissime
1546 520 1722 562 suffragari,
1738 521 1817 553 etab
1835 521 1881 554 eis

1146 572 1326 615 respective
1352 572 1582 605 inviolabiliter
1606 573 1794 614 observari,
1821 573 1884 606 sic-

1147 636 1208 668 que
1230 625 1262 657 in
1288 625 1477 668 praemissis
1502 636 1562 668 per
1587 636 1811 669 quoscumque
1836 626 1884 658 iu-

1148 678 1234 710 dices
1251 678 1433 710 ordinarios
1452 683 1483 710 et
1500 679 1676 720 delegatos,
1694 679 1790 712 etiam
1811 689 1885 711 cau-

1147 741 1255 762 sarum
1280 731 1390 773 palatii
1412 731 1581 771 apostolici
1607 731 1783 770 auditores,
1803 731 1885 764 iudi-

1125 784 1211 817 scari
1237 789 1267 815 et
1292 783 1420 815 definiri
1457 784 1587 822 debere,
1623 795 1659 816 ac
1694 783 1821 816 irritum
1853 788 1885 816 et

1125 837 1241 869 iinane
1278 836 1302 868 si
1340 837 1415 878 quid
1441 847 1535 869 secus
1571 846 1668 879 super
1693 836 1742 868 liis
1766 846 1783 868 a
1808 846 1886 879 quo-

1149 900 1254 931 quam,
1281 889 1392 931 quavis
1423 889 1622 929 auctoritate,
1659 889 1799 921 scienter
1835 888 1886 921 vel

1150 942 1348 983 ignoranter,
1373 941 1547 983 eontigerit
1571 941 1733 973 attentari.

1194 994 1208 1034 ξ
1232 994 1264 1026 6.
1291 993 1359 1028 Non
1378 993 1596 1034 obstantibus,
1623 999 1782 1036 quatenus
1808 1004 2079 1055 ⁰9¹¹S,?g³¹¹'{,²;¹⁰'¹¹¹¹¹

1913 1041 1924 1056 e
1951 1041 1977 1061 ga
2009 1049 2016 1056 .

1152 1102 1262 1141 regula
1287 1099 1325 1131 de
1351 1110 1415 1132 non
1441 1099 1659 1131 concedendis
1677 1092 1888 1141 indulgentiis

1152 1154 1188 1185 ad
1216 1153 1326 1191 instar,
1359 1163 1395 1184 ac
1419 1153 1563 1195 praefata
1591 1152 1766 1185 Clementis
1800 1163 1890 1195 prae-

1152 1206 1345 1244 decessoris,
1373 1206 1510 1248 aliisque
1545 1206 1828 1239 constitutionibus
1860 1210 1892 1238 et

1152 1259 1410 1292 ordinationibus
1436 1259 1640 1302 apostolicis,
1672 1269 1798 1291 necnon
1821 1257 1891 1301 qui-

1153 1312 1274 1350 busvis,
1303 1311 1399 1344 etiam
1425 1311 1617 1351 iuramento,
1643 1312 1890 1344 confirmatione

1154 1364 1336 1407 apostoliea
1355 1365 1402 1396 vel
1429 1364 1539 1407 quavis
1571 1363 1721 1396 firmitate
1754 1364 1815 1396 alia
1841 1373 1892 1396 ro-

1155 1418 1296 1456 boratis,
1341 1418 1466 1449 statutis
1506 1422 1536 1450 et
1575 1417 1889 1457 consuetudinibus,

1156 1471 1331 1514 privilegiis
1363 1481 1516 1514 quoque,
1544 1471 1677 1503 indultis
1711 1476 1742 1502 et
1775 1470 1892 1503 litteris

1155 1525 1339 1567 apostolicis
1364 1525 1396 1556 in
1423 1524 1622 1557 contrarium
1641 1523 1892 1566 praemissorum

1155 1577 1404 1620 quomodolibet
1434 1576 1612 1615 concessis,
1637 1575 1837 1608 confirmatis
1862 1579 1894 1608 et

1155 1631 1337 1671 innovatis,
1366 1630 1482 1673 quibus
1507 1629 1658 1662 omnibus
1684 1636 1715 1661 et
1738 1628 1892 1671 singulis,

1156 1684 1285 1716 illorum
1305 1689 1432 1716 tenores
1457 1683 1684 1726 praesentibus
1709 1692 1769 1725 pro
1794 1682 1892 1724 plene

1157 1742 1189 1768 et
1226 1736 1423 1768 sufficienter
1462 1735 1625 1778 expressis
1660 1744 1695 1767 ac
1728 1735 1767 1767 de
1796 1733 1894 1767 verbo

1156 1790 1195 1821 ad
1224 1790 1357 1822 verbum
1384 1789 1514 1821 insertis
1543 1788 1711 1825 babentes
1729 1787 1792 1820 illis
1817 1787 1895 1819 alias

1156 1843 1187 1874 in
1214 1851 1272 1874 suo
1298 1842 1415 1874 robore
1436 1840 1667 1884 permansuris
1684 1839 1722 1872 ad
1743 1839 1896 1882 praemis-

1156 1906 1265 1928 sorum
1291 1894 1448 1933 effectum,
1468 1895 1528 1926 hac
1548 1893 1615 1925 viee
1634 1894 1808 1932 dumtaxat,
1828 1902 1895 1936 spe-

1157 1949 1281 1981 cialiter
1301 1954 1332 1980 et
1356 1958 1508 1990 expresse
1527 1947 1738 1988 derogamus;
1761 1945 1895 1979 ceteris-

1158 2012 1218 2044 que
1239 2000 1409 2033 contrariis
1434 2000 1708 2043 quibuscumque.

1201 2054 1214 2094 ξ
1241 2053 1270 2086 7.
1302 2052 1455 2085 Volumus
1495 2057 1599 2084 autem
1636 2056 1671 2083 ut
1704 2050 1892 2083 earumdem

1158 2105 1378 2148 praesentium
1397 2105 1574 2137 litterarum
1595 2104 1814 2147 transumptis,
1836 2112 1893 2136 seu

1157 2158 1332 2201 exemplis,
1361 2158 1455 2190 etiam
1487 2157 1668 2200 impressis,
1704 2167 1799 2200 manu
1839 2156 1896 2189 ali-

1158 2212 1247 2243 cuius
1273 2210 1388 2243 notarii
1415 2210 1537 2253 publici
1567 2209 1764 2252 subscriptis,
1796 2214 1828 2241 et
1846 2209 1895 2241 si-

1159 2264 1236 2305 gillo
1260 2273 1419 2306 personae
1442 2263 1473 2295 in
1499 2262 1717 2295 ecelesiastica
1738 2256 1894 2303 dignitate

1158 2317 1353 2353 constitutae
1389 2316 1531 2355 munitis,
1560 2315 1673 2348 eadem
1704 2325 1838 2358 prorsus
1864 2314 1896 2346 fi-

1160 2370 1216 2402 des
1252 2369 1373 2411 ubique
1416 2370 1562 2401 locorum
1601 2374 1661 2400 tam
1702 2367 1733 2399 in
1774 2366 1894 2400 iudicio

1160 2433 1254 2465 quani
1287 2428 1374 2455 extra
1406 2422 1485 2455 illud
1512 2422 1692 2461 habeatur,
1730 2430 1812 2463 quae
1840 2421 1897 2452 lia-

1160 2476 1289 2507 beretur
1327 2474 1406 2517 ipsis
1455 2474 1681 2517 praesentibus
1718 2472 1745 2505 si
1788 2473 1897 2505 forent

1161 2528 1325 2561 exhibitae
1352 2530 1401 2561 rel
1421 2532 1584 2562 ostensae.

1206 2581 1315 2613 batum
1344 2581 1474 2621 Romae,
1500 2579 1632 2623 apudS.
1651 2579 1779 2612 Mariam
1798 2577 1895 2613 Maio-

1955 2058 2017 2079 rides
2032 2059 2086 2080 tran·

1902 2088 2039 2111 sumptorum.
