2111 3157
40 192 88 219 Αιι.
109 192 138 220 C.
157 192 223 220 ¹679

226 241 352 274 mattam
376 241 446 275 sine
477 241 666 285 exceptione
692 251 747 275 suo
773 242 885 275 ordine
911 242 954 274 sa-

227 293 324 326 ciant.

270 355 300 378 x.
320 346 353 378 ln
372 346 526 389 praefatis
543 347 754 379 conventibus
774 347 879 379 nullus
898 347 953 378 fra

225 401 275 430 ter
297 398 506 437 criminosus,
529 404 582 431 aut
608 408 667 441 pro
696 398 810 430 luenda
840 401 950 440 poena

225 450 376 482 collocari
403 450 519 492 possit,
552 460 611 482 nec
642 450 808 492 quisquam
834 461 850 481 a
874 461 952 492 quo-

224 512 360 544 cumque
384 502 528 544 praelato
553 502 668 533 missus
704 502 800 543 recipi
827 502 952 538 debeat,

223 553 285 586 nisi
311 554 349 586 de
373 563 533 586 consensu
568 553 735 594 guardiani
769 559 800 586 et
824 554 952 585 maioris

223 605 321 648 partis
345 606 556 638 discretorum
581 611 759 638 conventus
783 606 952 638 admittun-

222 658 281 691 dus
305 657 476 690 iudicetur.

58 720 213 741 noae-„mon-
264 720 308 743 x1.
348 709 461 743 Nullus
508 709 689 752 religiosus,
723 710 951 753 cuiuscumque

30 747 69 768 ‘¹¹⁵'
222 762 384 805 qualitatis
406 763 456 800 sit,
480 763 581 805 possit
604 763 811 796 recreationis
837 765 951 796 autal-

220 815 321 847 terius
344 815 498 858 cuiusque
523 816 644 856 negotii
676 818 772 848 causa
802 817 839 849 ad
866 827 951 858 prac-

221 866 321 899 dictos
356 873 531 899 conventus
567 867 746 907 divertere,
783 868 843 900 nisi
879 868 950 910 quis

219 920 259 952 ad
283 919 432 952 exercitia
452 919 628 962 spiritualia
652 931 711 962 per
734 921 858 964 aliquos
883 921 950 953 dies

218 971 367 1004 facienda
391 982 463 1004 cum
487 973 617 1014 sequela
642 973 783 1004 omnium
808 983 950 1005 commu-

219 1023 355 1056 nitatum
379 1030 411 1057 et
434 1024 550 1066 rigoris
574 1024 656 1057 vitae
680 1026 870 1057 recollectae
896 1026 948 1058 ad-

218 1075 302 1108 mitti
325 1076 473 1115 valuerit;
495 1086 556 1108 nec
572 1076 719 1108 minister
735 1077 947 1120 provincialis,

218 1127 345 1169 quando
370 1128 410 1159 ad
444 1127 626 1170 praedictos
656 1134 831 1161 conventus
855 1132 949 1161 causa

217 1179 407 1211 visitationis
421 1180 469 1211 vel
483 1179 544 1212 alia
560 1179 740 1218 accesserit,
761 1181 871 1222 possit,
890 1181 948 1213 sub

217 1231 323 1272 poena
347 1230 570 1271 suspensionis
597 1230 644 1262 sui
678 1231 772 1263 officii
802 1242 861 1274 per
894 1232 945 1263 bi-

216 1291 258 1313 mt
279 1286 346 1321 .'.re‚
373 1282 553 1314 saeculares
578 1287 633 1314 aut
656 1282 735 1314 alios
761 1283 874 1315 fratres
900 1293 948 1315 se-

217 1343 288 1365 cum
306 1334 389 1366 serre
414 1340 543 1376 praeter
566 1345 657 1366 suum
682 1335 890 1366 secretarium
917 1341 948 1367 et

217 1385 362 1424 socium,
393 1385 442 1417 cui
476 1386 667 1428 provinciali
704 1387 878 1429 plurimum
914 1387 946 1419 in

217 1437 351 1470 Domino
382 1438 626 1470 commendatur
656 1444 691 1471 ut
721 1439 753 1470 in
785 1439 947 1471 conventi-

217 1489 278 1522 bus
302 1490 566 1523 recollectionum
579 1490 610 1522 in
625 1491 774 1524 omnibns
791 1502 823 1524 se
844 1492 947 1534 ipsum

218 1543 373 1585 praebeat
404 1544 585 1586 exemplum
621 1544 779 1576 bonorum
813 1555 946 1587 operum

219 1600 251 1626 et
274 1595 431 1636 regularis
456 1596 657 1638 disciplinae.

261 1655 317 1678 xii.
344 1646 509 1679 Discursus
534 1648 668 1680 fratrum
693 1652 781 1680 extra
806 1657 946 1681 conven-

220 1702 293 1738 tum,
319 1705 471 1741 quantum
496 1699 565 1732 fieri
590 1700 700 1742 possit,
725 1700 889 1739 evitentur,
917 1707 947 1733 et

218 1757 253 1781 ut
277 1750 389 1783 fratres
415 1752 532 1784 addicti
562 1752 661 1784 choro
692 1758 781 1784 extra
812 1763 947 1785 conven-

218 1807 282 1835 tum
308 1813 371 1835 non
397 1810 560 1845 vagentur,
585 1804 735 1836 statuitur
758 1810 793 1836 ut
820 1805 850 1836 in
870 1815 947 1847 quo-

217 1854 298 1887 libet
321 1856 559 1897 praedictorum
577 1861 802 1895 conventuum,
820 1862 948 1898 praeter

217 1906 370 1939 officiales
395 1918 454 1949 pro
479 1907 626 1939 interiori
654 1908 811 1949 gubernio
838 1919 947 1940 neces-

215 1958 328 1997 sarios,
354 1960 555 1991 collocentur
573 1959 687 1991 fratres
704 1959 776 1991 laici
799 1960 947 2002 spiritua-

216 2011 264 2043 les
289 2016 320 2042 et
344 2011 458 2051 devoti,
486 2011 538 2053 qui
564 2011 720 2044 contiuuo
754 2017 840 2044 extra
871 2023 948 2044 con-

215 2068 343 2094 ventum
368 2064 587 2106 eleemosynas
620 2074 678 2105 pro
705 2064 947 2096 necessitatibus

217 2114 349 2146 fratrum
381 2115 577 2157 temporibus
613 2115 803 2158 opportunis
827 2121 945 2158 petant,

218 2173 249 2200 et
274 2168 305 2199 in
332 2168 394 2200 hoc
417 2168 482 2200 Deo
506 2167 699 2207 inserviant,
725 2168 799 2200 dum
825 2168 879 2200 alii
903 2169 947 2200 ‹ti-

217 2219 300 2252 vinis
334 2220 492 2258 laudibus,
527 2219 664 2252 orationi
704 2224 736 2251 et
770 2219 947 2262 spiritualis

218 2271 302 2304 vitae
327 2272 424 2314 quieti
442 2272 643 2304 incumbunt.
662 2271 824 2303 Fratribus
841 2277 946 2304 autom

218 2324 318 2357 choro
343 2325 478 2357 addictis
503 2335 575 2357 raro
601 2324 739 2356 exeundi
766 2330 855 2356 extra
878 2335 948 2357 con-

217 2383 347 2409 ventum
366 2377 496 2410 licentia
513 2377 716 2416 concedatur,
731 2386 790 2408 nec
807 2387 947 2419 unquam

218 2429 278 2462 nisi
305 2430 366 2462 duo
392 2435 479 2462 extra
504 2429 609 2472 ipsum
634 2438 703 2461 esse
727 2428 860 2470 possint.
888 2428 948 2461 No-

217 2482 301 2515 vruis
328 2488 434 2515 autem
459 2487 489 2514 et
513 2481 637 2514 clericis
674 2481 706 2513 in
739 2482 828 2514 nullo
859 2491 946 2521 casu,

217 2535 278 2568 nisi
305 2535 336 2567 in
362 2533 752 2574 coiiimtinitate,exetindi
774 2544 790 2567 e
808 2534 947 2566 claustro

47 356 78 378 De
93 356 215 377 criminosis.

80 1655 108 1674 oo
123 1655 208 1677 neentis

27 1682 154 1706 egrediendi.

806 194 1016 218 tNNocENTtUS
1037 195 1070 218 Χῖ
1094 195 1143 218 ΡΡ.

1623 184 1687 217 <m
1734 194 1783 222 ιη.
1803 195 1831 221 c,
1850 195 1915 222 1679

995 242 1123 274 licentia
1147 242 1279 275 concedi
1304 241 1416 285 possit,
1444 241 1501 274 sub
1530 245 1636 284 poena
1660 242 1723 285 pri-

995 294 1129 326 vationis,
1155 295 1249 327 officii
1275 306 1342 328 eam
1368 295 1572 328 concedenti.

1038 346 1166 379 Litimo.
1206 347 1239 379 In
1279 348 1454 390 praedictis
1496 347 1720 386 conventibus,
1760 358 1789 378 ne
1803 359 1851 378 ssseb

994 400 1097 439 quoad
1120 399 1242 441 reliqua
1259 400 1297 431 ad
1316 400 1409 431 vitam
1427 400 1635 432 monasticam
1654 409 1722 442 spe·
1714 375 1916 431 523.„⁰⁰'¹⁸‘¹¹¹¹¹'⁰'

993 450 1126 488 (tantia,
1152 451 1396 483 constitutiones
1421 452 1588 492 generales
1614 457 1722 484 exacte

994 501 1032 531 al)
1073 476 1221 534 oninibus
1261 503 1470 535 observentur
1487 529 1494 541 ,
1534 509 1569 535 ut
1607 504 1722 536 ceteris

993 554 1142 595 exemplo
1163 559 1195 585 et
1218 554 1435 588 aedificationi
1460 556 1491 588 in
1509 558 1589 598 pura
1613 557 1724 589 obser-

993 607 1097 636 vantia
1122 605 1199 636 sint.

1036 655 1153 688 Cutent
1177 657 1285 700 itaque
1318 659 1556 692 commissarius
1589 671 1723 702 generi-

993 708 1031 740 lis
1056 713 1087 740 et
1111 709 1348 750 p1ovincia1um
1374 711 1564 750 definitoria‚
1583 718 1617 744 ut
1636 723 1737 756 piae·
1733 703 1755 741 Ῠι
1757 703 1789 741 ἐἶι

993 760 1068 793 dicti
1093 761 1330 793 recollectionis
1360 769 1534 795 contentus
1569 764 1600 796 in
1632 775 1724 806 piae·
1734 751 1786 769 ‘⁰¹⁹
1789 757 1808 769 '⁵’

992 813 1075 846 dicta
1100 813 1226 846 vivendi
1264 814 1366 846 sotraa
1391 815 1556 856 eligantur
1581 822 1613 848 et
1636 828 1724 849 com-

992 871 1162 907 ponantur.
1189 866 1268 898 Dum
1294 867 1378 899 enim
1408 877 1466 909 per
1486 869 1722 901 attestationem

991 917 1147 960 praedicti
1172 918 1383 950 commissarii
1410 919 1569 960 generalis
1595 926 1627 953 et
1651 920 1724 952 deti-

990 968 1099 1001 nitorii
1125 970 1309 1012 provinciae
1344 975 1377 1002 et
1402 971 1615 1004 discretorum
1650 972 1723 1005 itto-

991 1030 1060 1053 rum
1098 1027 1312 1054 conventuum
1348 1022 1528 1055 iuramento
1564 1023 1721 1056 firmatam

991 1073 1030 1105 de
1065 1073 1121 1105 tali
1146 1073 1308 1106 erectione
1333 1078 1365 1106 et
1389 1074 1624 1116 compositione
1649 1085 1722 1108 con-

990 1125 1132 1165 stiterit,
1174 1126 1392 1158 sanctissimus
1429 1127 1576 1159 dominus
1612 1133 1722 1160 noster

990 1187 1047 1219 pro
1072 1180 1128 1210 sua
1147 1177 1346 1219 benignitate
1364 1178 1527 1211 licentiam
1548 1179 1719 1213 inducendi

990 1229 1127 1262 novitios
1152 1230 1185 1261 in
1210 1230 1273 1262 illis
1306 1231 1516 1263 conventibus
1547 1232 1593 1263 sic
1628 1232 1721 1264 effor-

990 1281 1082 1313 matis
1107 1282 1271 1314 concedat.
1305 1281 1393 1319 Quod
1423 1283 1448 1314 si
1479 1288 1551 1324 post
1584 1284 1718 1326 primam

989 1333 1234 1366 concessionem
1264 1334 1428 1376 praedicta
1462 1335 1588 1367 vivendi
1620 1337 1720 1368 forma

989 1384 1020 1416 in
1045 1385 1124 1428 ipsis
1148 1386 1388 1418 recollectionis
1414 1387 1622 1419 conventibus
1649 1398 1721 1419 exa-

989 1442 1037 1469 cte
1061 1442 1093 1468 et
1116 1436 1262 1479 rigorose
1294 1448 1358 1470 non
1392 1439 1595 1478 observetur,
1627 1439 1721 1471 licen-

989 1489 1031 1521 tia
1056 1489 1191 1521 ulterius
1226 1489 1380 1522 induendi
1407 1489 1438 1521 in
1471 1490 1527 1522 illa
1556 1492 1721 1533 provincia

989 1552 1053 1574 non
1079 1541 1286 1574 concedetur.
1313 1541 1402 1574 Unde
1428 1542 1611 1584 provinciae
1632 1543 1719 1585 ipsae

989 1594 1049 1625 sibi
1075 1595 1267 1633 consulant·,
1293 1604 1364 1626 nam
1391 1593 1417 1625 si
1443 1595 1550 1626 medio
1576 1595 1655 1627 adeo
1681 1596 1719 1627 ad

989 1646 1117 1685 bonum,
1143 1651 1174 1678 et
1197 1646 1401 1678 stabilitatem
1418 1647 1586 1688 religionis
1605 1647 1720 1679 condu-

988 1703 1080 1730 cente
1102 1708 1166 1730 non
1188 1703 1304 1735 utatur,
1332 1698 1463 1730 omnino
1483 1709 1628 1731 successu
1649 1704 1721 1731 tem-

989 1750 1075 1792 poris
1100 1750 1340 1792 extinguentur.

1032 1801 1191 1839 Quantum
1224 1802 1263 1834 ad
1295 1802 1478 1845 provincias
1514 1803 1716 1840 reformatas

989 1864 1058 1886 cum
1085 1854 1184 1886 forma
1201 1854 1327 1886 vivendi
1347 1860 1377 1886 et
1395 1856 1541 1896 regulam
1570 1865 1604 1887 ac
1625 1855 1721 1887 disci-

989 1906 1107 1949 plinam
1128 1908 1309 1948 regularem
1328 1907 1518 1939 observandi
1540 1907 1572 1939 in
1596 1909 1721 1939 statutis

990 1969 1048 2001 pro
1075 1958 1151 2000 ipsis
1181 1958 1364 1990 reformatis
1397 1959 1435 1990 de
1468 1969 1551 1991 anno
1589 1968 1721 1992 Mocxtu

989 2016 1140 2043 contenta
1178 2011 1253 2043 satis
1289 2011 1399 2043 stricta
1430 2012 1478 2049 sit,
1517 2013 1720 2044 solummodo

990 2064 1186 2107 praecipitur
1221 2070 1255 2096 ut
1279 2065 1310 2096 in
1343 2064 1551 2096 conventibus
1588 2064 1723 2096 novitia-

991 2122 1038 2148 tus
1064 2122 1094 2148 et
1117 2116 1304 2158 prosessorii
1330 2116 1476 2158 (practer
1501 2116 1721 2149 institutiones
1768 2132 1775 2138 ·

990 2174 1115 2200 sanctae
1131 2168 1305 2200 memoriae
1320 2168 1491 2200 Clementis
1503 2168 1563 2200 VIII
1580 2179 1639 2211 pro
1654 2179 1722 2200 om-

990 2219 1722 2263 nibusregularibusindecretisincipientibus

992 2274 1070 2307 Cum
1095 2273 1137 2305 ad
1161 2272 1349 2315 reqularem,
1369 2272 1462 2304 editis
1488 2273 1539 2304 die
1564 2283 1616 2305 mx
1642 2283 1724 2305 mar-

991 2325 1024 2357 tii
1055 2325 1128 2357 anni
1154 2334 1267 2363 MDCttt,
1295 2329 1326 2356 et
1350 2329 1502 2356 contenta
1528 2325 1559 2356 in
1586 2325 1723 2357 decretis

990 2383 1117 2410 sanctae
1142 2377 1315 2409 memoriae
1342 2377 1520 2409 innocentii
1547 2378 1570 2409 X
1596 2388 1655 2420 pro
1675 2378 1712 2409 iti

990 2430 1123 2462 noribus
1147 2429 1395 2462 Observantibus
1421 2434 1452 2461 et
1470 2429 1662 2462 lit-sormatis
1680 2429 1724 2461 in-

991 2481 1184 2524 cipientibus
1209 2480 1262 2513 Ad
1285 2481 1538 2523 propayandaui,
1560 2481 1654 2513 editis
1685 2492 1723 2513 xv

992 2534 1133 2567 octobris
1146 2533 1221 2567 anni
1235 2542 1363 2570 MDCLtv,
1380 2539 1410 2566 ct
1424 2534 1570 2566 ordinata
1585 2534 1617 2566 in
1632 2533 1723 2566 Brevi

1749 671 1809 715 ¹Item
1833 670 1859 691 Ie
1878 671 1915 691 ob·

1782 700 1838 716 antia
1856 703 1915 722 prae-

1850 727 1881 743 sta
1885 727 1914 744 lu-

1744 1812 1772 1833 De
1782 1812 1913 1833 Iterat-maus.
