2111 3157
37 219 84 248 An.
99 218 128 247 C.
151 217 217 246 1688

59 2063 126 2084 Cat-ur
142 2063 194 2084 ΧΧΙ.

58 2090 87 2111 Ue
102 2092 201 2115 lugitivts.

801 214 1011 239 INNOCENTIUS
1035 215 1063 238 Χῖ
1091 215 1138 238 ΡΡ.

225 275 344 299 annum
368 264 530 308 integrum
555 267 688 297 teneant
704 263 889 306 generalem
912 272 960 295 or·
1001 273 1241 303 conversorum,
1269 268 1301 296 et
1325 261 1510 306 quindecim
1542 261 1655 294 diebus
1681 272 1735 293 co-

226 319 309 352 dinis
323 318 537 362 disciplinam,
552 327 633 360 quae
653 316 723 349 talis
737 321 797 349 est.
817 315 958 358 Singulis
1000 316 1131 349 medent
1162 316 1201 348 ad
1226 321 1344 349 terram
1378 315 1410 347 in
1439 313 1613 347 refectorio
1638 323 1735 356 super

225 371 375 415 capitulis
399 371 559 414 recipiant
582 368 791 412 disciplinas,
817 367 958 411 exceptis
1001 379 1142 402 asserem
1163 369 1298 402 nudum.

226 424 340 457 diebus
359 423 474 468 quibus
498 421 808 456 communicaverint
831 422 880 453 vel
906 421 960 453 de·

224 476 303 510 bent
326 475 563 510 communicare
580 502 587 515 ,
625 485 685 508 nec
716 473 883 507 habebunt
906 483 959 506 vo-

224 540 294 564 cem
319 534 430 563 contra
449 529 600 572 aliquem,
632 538 693 561 nec
725 526 956 565 obedientiam,

224 584 287 617 hoc
307 587 354 616 est
377 593 443 615 non
468 586 623 625 poterunt
657 590 728 613 esse
765 578 958 622 coquinarii,

223 635 371 679 portarii,
397 634 571 673 mulatarii,
596 631 742 675 magistri
767 631 884 664 bovum
908 631 956 663 vel

224 688 403 731 grangiae,
434 687 496 720 nisi
530 690 668 730 propter
701 689 871 726 urgentem
896 693 954 716 ne-

223 741 408 775 cessitatem
445 738 641 773 reverendus
677 742 770 781 pater
804 747 878 770 cum
911 735 957 769 eis

223 794 401 838 dispenset.

265 858 296 881 x.
316 847 469 880 Ordinem
485 854 560 877 vero
578 848 689 877 tenere
710 843 742 875 in
763 841 956 875 victualibus

223 905 271 934 est
306 899 395 933 seriis
425 898 566 932 secunda
600 902 632 929 et
662 897 775 939 quarta
810 905 894 938 pane
925 898 957 926 et

222 952 362 995 coquina
387 961 458 984 esse
483 953 673 983 contentum
690 959 698 988 ;
718 947 798 980 seria
815 947 908 979 tertia
926 950 957 979 et

222 1005 370 1045 sabbato,
394 1014 488 1048 pane,
514 1002 586 1035 vino
620 1007 652 1035 et
676 1001 838 1044 coquina,
877 998 957 1031 seria

221 1063 328 1091 autem
353 1057 464 1100 quinta
481 1061 512 1089 et
528 1056 643 1088 diebus
668 1053 801 1096 capituli
820 1057 849 1085 et
868 1051 957 1084 sestis

222 1110 391 1144 duodecim
417 1108 611 1147 lectionum,
635 1116 727 1139 more
756 1109 953 1138 conventus:

222 1162 418 1196 abstinentia
441 1160 583 1199 Ordinis,
618 1158 681 1192 nisi
710 1157 879 1191 manifesta
906 1166 957 1189 ne·

222 1216 355 1249 cessitas
379 1214 560 1253 interdicat,
586 1212 682 1246 etiam
707 1211 889 1244 observata.

265 1278 307 1302 xl.
335 1266 504 1301 Criminosi
524 1276 635 1299 omnes
661 1275 677 1297 a
701 1263 808 1307 primo
834 1262 885 1295 die
911 1262 957 1294 in-

221 1320 451 1356 carcerationis
466 1329 586 1358 eorum,
604 1323 636 1350 et
655 1317 808 1358 deinceps
824 1325 882 1358 per
902 1325 955 1347 sex

221 1383 370 1413 menses,
398 1372 541 1405 habeant
572 1369 737 1403 dimidiam
769 1367 956 1410 portionem

221 1427 315 1471 panis
340 1423 576 1464 conventualis,
601 1429 633 1456 et
656 1426 789 1454 utantur
812 1421 887 1454 vino
912 1420 957 1453 fa-

222 1479 331 1513 miliae
356 1484 411 1511 aut
434 1476 582 1511 cervisia.
600 1476 644 1508 De
662 1484 746 1519 pane
763 1483 840 1506 vero
867 1472 957 1505 sami-

222 1533 284 1566 liae
309 1532 406 1565 detur
430 1531 476 1564 eis
501 1534 656 1573 quantum
687 1537 819 1560 necesse
849 1526 954 1559 suerit.

223 1586 323 1620 Porro
349 1585 382 1617 in
406 1583 493 1617 sestis
518 1581 663 1626 capituli,
681 1585 712 1613 et
737 1580 864 1622 quoties
886 1590 958 1612 con-

223 1644 336 1672 ventus
362 1637 395 1670 in
419 1636 593 1670 refectorio
624 1634 774 1673 comedit,
807 1632 958 1666 victualia

225 1691 272 1724 eis
290 1690 529 1729 ministrentur,
550 1688 632 1721 sicut
649 1693 679 1720 et
696 1686 882 1720 conventui.
900 1685 959 1718 Fe-

224 1744 358 1778 rialibus
393 1747 499 1775 autem
534 1740 647 1774 diebus
682 1739 805 1783 aliquid
840 1738 958 1772 iudicio

225 1797 345 1842 prioris
370 1795 416 1829 eis
442 1806 478 1828 ex
505 1794 607 1837 gratia
623 1792 801 1826 ministrari
826 1792 957 1835 poterit.

225 1851 463 1888 Verumtamen,
481 1848 507 1880 si
529 1846 599 1890 quis
624 1846 656 1878 in
681 1855 811 1878 carcere
836 1845 961 1888 positus

226 1903 310 1937 nolit
329 1902 451 1935 crimen
477 1910 571 1933 suum
591 1898 736 1932 confiteri
762 1903 794 1931 et
811 1898 962 1930 emenda-

227 1967 274 1997 re,
298 1966 382 2000 pane
407 1960 439 1988 et
463 1955 545 1997 aqua
570 1953 734 1985 dumtaxat
761 1955 963 1984 sustentetur

229 2010 333 2043 donec
357 2007 540 2051 resipiscat.

274 2073 297 2096 t.
324 2060 460 2104 Fugitivi
485 2059 522 2092 ad
548 2058 691 2101 aliquam
716 2057 847 2090 domum
874 2057 965 2090 Ordi-

230 2116 280 2149 nis
315 2114 483 2148 venientes
518 2117 645 2155 sponte,
681 2111 708 2144 si
743 2121 809 2144 non
845 2112 966 2144 suerint

231 2167 412 2207 criminosi,
441 2167 474 2200 id
503 2170 551 2198 est
574 2166 600 2198 si
626 2175 685 2197 nec
711 2164 882 2197 commisso
906 2164 966 2197 cri-

232 2221 320 2255 mine
346 2219 497 2262 fugerint,
521 2229 581 2251 nec
599 2218 631 2250 in
652 2218 726 2260 suga
741 2218 865 2250 crimen
881 2227 968 2250 com-

233 2274 390 2314 miserint,
416 2272 540 2305 etiamffl
566 2270 649 2304 infra
673 2270 816 2313 quinque
834 2270 902 2303 dies
919 2280 968 2302 re-

234 2326 364 2367 dierint,
388 2326 526 2370 primum
552 2323 784 2358 reconciliandi
803 2329 897 2357 erunt
912 2323 969 2356 Or-

235 2380 302 2414 dini
320 2384 454 2424 propter
471 2378 590 2421 sugam,
610 2384 641 2411 et
659 2382 769 2420 postea
785 2378 970 2411 clamabunt

237 2443 328 2466 suam
361 2432 489 2475 culpam
521 2436 694 2474 praesente
725 2435 885 2463 conventu
914 2430 971 2462 mi-

238 2484 448 2520 sericordiam
472 2484 674 2528 postulantes
711 2488 741 2516 et
773 2483 972 2516 emendatio·

240 2549 314 2573 nem
347 2542 591 2583 promittentes.
627 2537 751 2570 Deinde
786 2537 972 2580 quindecim

241 2592 355 2626 diebus
380 2590 542 2634 recipiant
561 2589 748 2633 disciplinas
774 2590 806 2622 in
830 2590 973 2633 capitulo

329 2655 407 2683 Ball.
427 2653 509 2682 Rom.
530 2668 563 2673 —-
587 2652 647 2683 Vol.
667 2652 733 2680 XIX
875 2652 925 2679 114

1043 432 1075 454 11.
1096 421 1127 455 Si
1148 432 1225 455 vero
1250 424 1335 455 ultra
1360 421 1506 465 quinque
1532 420 1600 453 dies
1626 419 1734 453 redire

1000 474 1195 514 distulerint,
1214 475 1253 507 de
1271 480 1378 507 cetero
1396 475 1665 517 quandocumque
1684 483 1735 506 re-

999 526 1131 566 dierint,
1157 537 1223 560 non
1248 527 1458 569 recipientur,
1482 526 1544 559 nisi
1569 526 1608 559 ad
1628 535 1735 558 carce-

999 590 1087 620 rem,
1113 580 1167 612 ubi
1204 590 1262 623 per
1299 580 1513 623 quadraginta
1546 579 1614 612 dies
1640 579 1734 612 susti-

999 638 1098 665 neant
1122 632 1154 665 in
1180 632 1371 665 victualibus
1395 632 1601 675 disciplinam
1625 631 1735 664 crimi-

999 696 1173 718 nosorum:
1199 686 1238 718 de
1264 696 1327 728 quo
1346 691 1451 718 tamen
1468 694 1607 723 carcere,
1626 684 1653 716 si
1674 684 1735 717 cri-

998 738 1114 771 minosi
1136 748 1201 771 non
1220 737 1345 777 suerint,
1363 737 1490 780 priores
1509 736 1639 769 illorum
1660 746 1735 769 cum

999 791 1137 824 consilio
1173 790 1222 823 sui
1259 794 1438 823 conventus
1473 794 1625 832 poterunt
1660 789 1735 821 illos

999 844 1165 883 educere,
1197 843 1327 886 quando
1365 841 1528 874 videbitur
1563 841 1733 884 expedire:

999 895 1105 929 educti
1126 906 1201 928 vero
1224 896 1262 928 de
1281 904 1418 933 carcere,
1439 893 1598 936 recipiant
1621 894 1734 935 viginti

999 949 1188 992 disciplinas
1214 949 1246 980 in
1271 948 1424 991 capitulo,
1443 952 1474 979 et
1489 946 1603 988 viginti
1621 946 1734 979 diebus

999 1003 1169 1035 comedant
1204 1002 1243 1034 ad
1270 1006 1388 1033 terram
1419 1000 1451 1032 in
1484 999 1678 1038 refectorio,
1703 1005 1736 1031 et

999 1066 1058 1098 per
1078 1065 1197 1087 annum
1223 1053 1403 1086 sustineant
1418 1052 1617 1095 praedictam
1635 1062 1735 1094 gene-

998 1108 1099 1140 ralem
1123 1106 1251 1140 Ordinis
1278 1105 1493 1149 disciplinam.

1043 1170 1091 1194 111.
1117 1159 1255 1202 Fugitivi
1288 1169 1363 1191 vero
1389 1156 1564 1197 criminosi,
1590 1156 1735 1199 quando-

999 1224 1134 1256 cumque
1152 1211 1318 1252 redierint,
1347 1221 1513 1253 nunquam
1530 1209 1591 1243 nisi
1609 1210 1647 1242 ad
1665 1220 1736 1242 car-

999 1276 1091 1299 ceres
1108 1265 1307 1308 recipiantur
1324 1275 1330 1296 ·.
1350 1275 1367 1296 a
1385 1264 1502 1307 quibus
1520 1273 1583 1295 non
1601 1267 1736 1305 possunt

999 1319 1090 1352 educi
1116 1318 1178 1351 nisi
1208 1328 1267 1361 per
1299 1317 1476 1359 capitulum
1501 1316 1655 1357 generale
1681 1319 1736 1347 aut

999 1371 1215 1404 reverendum
1239 1375 1374 1413 patrem.
1402 1368 1512 1401 Educti
1544 1378 1632 1407 vero,
1658 1378 1736 1410 poe-

999 1435 1072 1458 nam
1096 1425 1345 1458 criminosorum
1371 1422 1491 1465 (sicuti
1518 1421 1636 1454 dictum
1661 1421 1734 1464 est)

999 1478 1191 1512 sustineant.

1043 1541 1084 1564 tv.
1100 1530 1246 1573 Fugitivi,
1266 1530 1340 1563 dum
1359 1539 1375 1561 c
1393 1539 1524 1562 carcere
1542 1528 1734 1566 educuntur,

1000 1584 1123 1617 etiamsi
1150 1582 1316 1616 criminosi
1341 1593 1406 1615 non
1431 1582 1508 1620 sint,
1528 1582 1618 1613 nulio
1640 1580 1736 1613 niodo

1000 1641 1134 1680 possunt
1158 1636 1189 1668 in
1214 1636 1335 1668 eisdem
1360 1634 1507 1667 domibus
1533 1633 1737 1666 obedientias

1001 1691 1123 1723 habere
1149 1689 1218 1721 sine
1245 1690 1399 1731 expressa
1418 1687 1548 1720 licentia
1565 1686 1737 1719 reverendi

1001 1743 1102 1786 patris
1125 1743 1174 1775 vel
1201 1741 1333 1784 capituli
1359 1740 1533 1782 generalis.

1046 1807 1075 1829 v.
1102 1796 1278 1837 Apostatae
1308 1799 1382 1826 aute
1415 1792 1523 1825 omnia
1548 1792 1586 1824 ad
1613 1801 1738 1824 reassu-

1002 1849 1155 1883 mendum
1182 1848 1326 1881 habitum
1344 1846 1471 1879 Ordinis
1489 1845 1738 1888 compellantur,

1004 1907 1035 1936 et
1062 1902 1179 1935 deinde
1207 1900 1329 1942 pariter
1353 1898 1617 1938 reconcilientur,
1644 1903 1675 1930 et
1700 1897 1739 1929 ab

1004 1954 1173 1998 apostasia,
1192 1963 1319 1986 necnon
1338 1953 1376 1985 ab
1395 1950 1741 1984 exeonununicationis

1005 2007 1173 2047 sententia,
1200 2016 1293 2049 quam
1318 2016 1355 2038 ex
1389 2004 1517 2037 habitus
1549 2003 1741 2036 dimissione

1005 2062 1222 2098 incurrerunt,
1241 2058 1393 2091 adhibitis
1420 2057 1561 2097 testibus,
1576 2057 1743 2089 absolvan-

1007 2120 1068 2154 tur,
1092 2118 1132 2152 et,
1151 2118 1186 2144 ut
1202 2121 1308 2154 supra,
1328 2110 1584 2142 incarcerentur.
1611 2109 1743 2141 Verum-

1007 2173 1113 2199 tamen
1134 2168 1298 2208 apostatae
1324 2162 1489 2195 criminosi
1519 2168 1592 2204 post
1616 2161 1743 2194 tertiam

1008 2217 1200 2262 apostasiam
1219 2225 1278 2259 per
1293 2216 1437 2258 regulam
1457 2214 1558 2247 sancti
1576 2213 1743 2247 Benedicti

1009 2273 1214 2306 declarantur
1239 2279 1304 2302 non
1330 2267 1468 2311 amplius
1487 2267 1665 2310 recipiendi
1684 2267 1742 2310 (a).

1052 2334 1094 2358 v1.
1121 2321 1287 2356 Conversis
1311 2330 1369 2363 pro
1394 2319 1566 2363 disciplina
1590 2320 1630 2352 ad
1647 2320 1744 2353 aliani

1009 2379 1139 2412 domum
1157 2374 1261 2408 missis
1285 2384 1352 2406 non
1376 2372 1601 2405 ministrentur
1622 2373 1744 2416 equita-

1011 2436 1110 2470 turae,
1144 2428 1206 2461 nisi
1242 2427 1341 2460 nimia
1376 2425 1561 2459 infirmitate
1597 2430 1745 2468 cogente,

1011 2493 1080 2524 nec,
1093 2483 1148 2515 ulii
1173 2479 1453 2518 sustentabuntur,
1472 2477 1628 2511 beneficia
1653 2478 1742 2521 spiri-

1047 2556 1076 2587 a)
1096 2552 1160 2579 Vide
1174 2553 1264 2578 notata
1282 2551 1308 2577 in
1328 2549 1446 2577 secunda
1465 2552 1540 2585 parte
1559 2556 1617 2585 cap.
1638 2549 1679 2575 De
1698 2549 1745 2583 su-

1013 2596 1120 2633 quivis.

1623 203 1687 235 00⁷>
1732 212 1780 237 An.
1798 209 1826 238 C.
1851 209 1918 238 iasa
