2111 3157
26 219 74 246 An.
89 218 118 245 C.
141 217 205 244 ¹087

48 694 79 716 De
102 694 203 716 studenti-

23 720 69 743 bus.

46 1957 75 1980 no
93 1959 198 1982 examina-

20 1985 106 2008 toribus.

787 218 862 243 INNO
868 216 999 242 CENTlUS
1020 217 1050 240 XI
1075 214 1122 240 ΓΡ.

213 265 398 308 theologiae
416 266 627 299 scholasticae
652 276 744 299 eursu
769 276 821 299 eas
841 267 946 299 scien·
965 266 969 298 l
988 264 1041 304 cti,
1060 267 1261 306 praestantes
1286 266 1318 294 et
1342 261 1410 294 zelo
1434 258 1574 304 praediti
1600 258 1720 291 exami-

216 318 273 350 tias
288 324 319 351 et
332 319 452 362 scripto
467 324 497 351 et
509 329 585 352 voce
604 319 782 362 discipulos
797 319 943 357 doceant,

215 381 295 414 quae
313 370 343 404 S.
367 372 510 404 Anselmi
535 371 771 404 Cantuariensis
789 371 945 413 archiepi-

213 423 316 466 scopi,
333 433 368 456 ex
382 424 482 456 sancti
501 424 667 456 Benedicti
683 423 800 456 Ordine
826 434 946 455 assum-

212 476 280 518 pti,
307 476 471 509 doctrinae
507 477 699 509 adamussim
724 477 943 514 cohaereant,

213 529 273 560 sub
299 528 510 571 depositionis
539 534 570 561 et
590 529 778 572 privationis
802 528 943 560 muneris

213 581 349 624 aliisque
363 581 486 624 poenis,
506 581 531 614 si
549 592 640 614 secus
654 581 788 623 egerint,
806 581 946 623 superio-

213 644 282 666 rum
304 634 439 666 arhitrio
465 633 660 676 infligendis.

257 685 328 728 §3
355 686 454 719 Porro
485 685 750 718 scholasticorum
785 685 849 717 sive
882 690 945 717 stu-

213 738 376 772 diosorum
408 739 538 781 collegii
573 738 759 771 huiusmodi
793 749 945 771 numerus

213 791 301 824 omni
327 796 473 834 tempore
498 790 604 823 minor
633 791 765 824 denario
791 801 855 823 non
881 791 941 830 sit,

212 854 349 887 quorum
377 849 441 875 tres
468 848 601 885 tantum,
619 849 650 875 et
674 853 738 876 non
767 845 885 886 plures,
909 854 943 875 ex

211 895 289 929 dicti
307 896 493 929 monasterii
512 895 541 928 S.
560 896 648 928 Pauli
674 895 838 938 professis,
854 902 882 929 et
901 907 944 928 re-

209 949 290 993 liqui
316 954 440 992 septem
475 959 511 981 ex
538 955 662 992 septem
696 949 840 983 eiusdem
865 949 943 982 Con—

210 1002 407 1045 gregationis
439 1002 615 1045 provinciis
650 1008 875 1043 assumantur,
903 1003 944 1035 ita

209 1056 336 1089 scilicet
370 1061 404 1088 ut
436 1055 672 1099 provinciarum
704 1057 867 1099 quaelibet
898 1057 943 1089 (li-

209 1108 369 1151 scipulum
394 1119 493 1140 unum
519 1109 557 1140 ad
585 1108 672 1141 idem
691 1109 862 1151 collegium
882 1115 943 1141 ter-

211 1161 255 1193 tio
292 1171 419 1204 quoque
455 1171 540 1193 anno
576 1161 723 1193 mittendi
761 1162 943 1194 facultatem

210 1213 347 1246 habeat:
366 1224 428 1257 qua
453 1214 484 1245 in
512 1224 545 1246 re
570 1225 606 1246 ea
631 1215 679 1246 lex
702 1214 853 1247 inviolate
879 1226 944 1247 ser-

209 1272 312 1306 vetur,
329 1273 363 1299 ut
380 1266 612 1300 monasterium
638 1266 790 1310 eiusque¹
816 1269 944 1310 provin-

210 1318 288 1359 ciae,
306 1319 418 1352 maiori
450 1319 673 1362 professorum
707 1330 841 1352 numero
868 1331 944 1362 gau-

211 1371 303 1411 deus,
317 1372 452 1414 primum
479 1371 705 1404 scholasticum
724 1372 827 1415 primo
847 1373 944 1405 trIen-

209 1423 264 1456 nio
282 1423 321 1456 ad
347 1423 520 1466 collegium
538 1423 722 1456 huiusmodi
744 1425 861 1465 mittat,
880 1436 943 1468 quo

209 1477 331 1519 elapso,
352 1475 484 1508 secundi
506 1476 690 1509 monasterii
708 1479 853 1510 alumnus
870 1479 944 1510 sub-

208 1534 356 1571 rogetur,
370 1533 401 1561 et
419 1528 462 1561 sic
489 1529 527 1561 de
553 1529 624 1562 aliis
642 1531 836 1563 successive.
854 1530 942 1569 Quod

209 1583 233 1614 si
259 1581 292 1614 in
317 1582 516 1614 monasterio
542 1581 573 1614 S.
600 1582 705 1622 Pauli,
732 1583 796 1615 sive
823 1584 854 1615 in
880 1584 943 1617 alio

208 1633 347 1668 cuiusvis
361 1634 546 1677 provinciae
564 1634 749 1667 huiusmodi
765 1637 941 1679 respective

208 1686 359 1719 monachi
385 1686 424 1719 ad
449 1687 631 1729 praedictas
665 1688 832 1721 facultates
856 1689 943 1721 adtli-

209 1740 343 1772 scendas
361 1739 470 1772 idonei
486 1750 549 1772 non
566 1740 779 1783 reperiantur,
798 1740 856 1774 eo2
874 1742 942 1774 aliis

209 1793 356 1826 eiusdem
372 1794 420 1825 vel
438 1793 612 1825 vicinarum
632 1794 868 1836 provinciarum
888 1806 944 1827 nu-

209 1846 441 1879 merosioribus
472 1848 677 1880 monasteriis
707 1849 745 1881 ad
772 1849 942 1891 collegium

208 1899 315 1943 ipsum
340 1900 411 1933 loco
436 1899 565 1932 illorum
591 1908 780 1934 evocentur.

251 1952 313 1994 gli.
334 1952 432 1986 Nemo
455 1958 562 1985 autem
577 1954 614 1985 ad
634 1953 752 1986 (lictum
771 1955 941 1997 collegium

209 2005 418 2045 admittatur,
453 2016 549 2048 quem
585 2016 708 2038 morum
740 2007 886 2049 probitas
911 2014 942 2040 et

207 2057 366 2101 regularis
393 2057 581 2100 disciplinae
603 2059 743 2092 studium
769 2071 833 2093 non
858 2071 942 2094 com-

208 2110 357 2150 mendet;
375 2109 476 2152 etqui
496 2111 552 2142 toti
571 2111 812 2154 philosophiae,
836 2124 870 2146 ac
888 2114 943 2146 tri-

208 2162 277 2202 bus,
293 2163 418 2196 duobus
432 2163 480 2195 vel
491 2163 615 2195 saltem³
628 2165 839 2198 scholasticae
856 2167 943 2199 theo-

208 2216 312 2259 logiae
329 2215 515 2248 tractatibus
534 2215 565 2247 in
580 2216 651 2249 aliis
669 2217 854 2259 praedictae
867 2219 942 2252 Con-

208 2268 407 2311 gregationis
433 2268 605 2311 gymnasiis
626 2269 739 2302 sedulo
764 2280 829 2303 non
853 2282 942 2304 vaca-

209 2321 334 2361 verint,
362 2320 401 2353 ab
426 2321 495 2364 ipso
527 2321 663 2362 collegio
688 2329 866 2355 arceantur.
899 2325 942 2356 Ac

208 2379 385 2417 propterea
408 2384 426 2406 a
451 2372 675 2406 definitoribus
700 2374 843 2408 eiusdem
861 2376 941 2409 Con-

209 2426 408 2470 geegationis
427 2427 459 2459 in
481 2427 622 2470 capitulo
641 2428 785 2470 generali
803 2433 866 2462 tres
884 2430 937 2462 do-

246 2506 257 2532 1
271 2505 386 2533 Videtur
396 2506 502 2541 legend.
515 2506 654 2541 cuiusque
665 2514 712 2542 pro
723 2507 839 2542 eiusque
849 2510 939 2544 (nm).

245 2548 380 2577 2'Forsan
396 2558 431 2577 ex
446 2558 493 2585 pro
509 2559 539 2577 eo
555 2550 696 2585 legendum
712 2554 751 2584 (n.
762 2552 810 2586 τ.).

247 2592 264 2622 3
282 2593 371 2621 Potius
390 2595 447 2631 lege
467 2595 510 2621 vel
528 2596 629 2622 saltem
645 2596 751 2624 duobus
769 2598 806 2632 (n.
824 2597 870 2633 τ.).

987 321 1118 349 natores
1151 316 1183 348 in
1214 317 1405 358 unaquaque
1440 311 1605 356 provincia
1629 311 1721 343 insti-

989 374 1136 408 tuantur,
1163 369 1226 411 qui,
1252 367 1381 410 publico
1407 365 1583 400 consulturi
1608 365 1718 405 bono,

988 422 1199 454 scholasticos
1223 421 1396 463 diligenter
1420 420 1647 461 interrogent,
1674 422 1717 457 et,

987 474 1163 517 propositis
1180 474 1226 506 eis
1252 473 1444 515 theologicis
1463 477 1558 515 atque
1576 471 1721 514 philoso-

987 527 1093 569 phicis
1117 526 1328 568 argumentis,
1349 526 1434 558 serio
1456 531 1487 558 et
1510 535 1575 557 non
1593 524 1631 556 ad
1649 533 1721 566 spe-

987 580 1069 612 ciem
1095 580 1288 618 examinent,
1307 579 1412 622 deque
1439 578 1627 611 eorumdem
1645 576 1722 619 apti·

990 632 1108 672 tudine,
1124 632 1273 664 doctrina
1290 638 1319 664 et
1345 631 1484 673 ingenio,
1501 630 1659 674 praestito
1678 629 1722 661 iu-

988 690 1146 723 ramento,
1163 685 1196 716 in
1221 684 1347 727 scriptis
1371 683 1466 717 sidem
1493 684 1619 716 faciant.
1636 683 1722 715 Post-

988 748 1082 779 quam
1099 748 1175 770 vero
1201 737 1245 769 sic
1262 736 1434 768 examinati
1453 736 1491 769 ad
1509 736 1628 768 Urbem
1650 745 1722 778 per-

988 789 1143 829 venerint,
1162 789 1200 821 ab
1225 789 1338 821 abbate
1364 788 1553 821 monasterii
1570 788 1601 820 S.
1621 787 1720 828 Pauli,

987 852 1023 874 ac
1046 847 1257 885 procuratore
1275 842 1418 883 generali
1444 841 1722 883 Congregationis,

987 900 1018 927 et
1042 896 1162 927 lectore
1187 894 1318 936 collegii
1343 893 1527 926 huiusmodi
1553 904 1611 936 pro
1641 898 1722 926 tem-

987 959 1064 992 pore
1090 948 1299 981 existentibus
1326 948 1431 981 denuo
1457 948 1719 990 interrogentur,

987 1006 1017 1032 et
1041 1001 1153 1033 iterato
1179 1001 1360 1033 subdantur
1381 1000 1530 1039 examini,
1551 1010 1587 1032 ac
1612 999 1721 1032 idonei

986 1054 1107 1096 reperti
1126 1053 1360 1096 approbentur,
1379 1053 1581 1096 excipiantur
1601 1057 1632 1086 et
1656 1053 1722 1085 col-

985 1106 1059 1146 legii
1078 1107 1224 1149 praemio
1246 1105 1423 1149 adscripto¹
1442 1107 1661 1146 declarentur,
1679 1106 1723 1138 in-

986 1159 1111 1192 habiles
1132 1170 1205 1192 vero
1223 1159 1355 1200 inventi,
1375 1160 1550 1203 praemissa
1567 1160 1606 1192 ad
1629 1169 1723 1203 prae-

986 1213 1088 1245 sidem
1113 1213 1216 1245 dictae
1242 1213 1510 1255 Congregationis
1543 1214 1582 1246 de
1608 1223 1723 1246 eorum

986 1264 1209 1297 insufficientia
1234 1265 1266 1298 in
1292 1266 1419 1309 scriptis
1445 1266 1652 1299 attestatione
1677 1266 1722 1298 iu-

986 1320 1061 1358 rata,
1088 1329 1158 1351 curn
1185 1319 1331 1352 eiusdem
1356 1320 1516 1363 praesidis
1541 1330 1718 1360 consensu,

986 1371 1024 1403 ad
1046 1371 1257 1413 professionis
1278 1382 1352 1404 suae
1371 1373 1435 1404 sive
1453 1372 1490 1404 ad
1509 1372 1589 1405 alia⁹
1606 1372 1705 1405 remit

987 1429 1101 1463 tantur,
1124 1429 1155 1456 et
1181 1425 1213 1456 in
1239 1425 1486 1465 examinatores,
1515 1425 1568 1468 qui
1593 1425 1722 1458 muneri

986 1487 1044 1509 suo
1062 1476 1233 1516 defuerint,
1253 1482 1414 1520 tamquam
1433 1477 1465 1509 in
1483 1478 1617 1520 periurii
1638 1488 1721 1518 reos,

986 1530 1128 1571 graviter
1145 1529 1176 1562 in
1194 1530 1347 1573 proximis
1365 1531 1504 1563 comitiis
1526 1531 1722 1563 animadver-

987 1587 1081 1614 tatur.
1108 1581 1311 1625 Quapropter
1335 1583 1373 1615 ad
1400 1583 1559 1615 abbatiam
1581 1582 1611 1615 S.
1631 1582 1721 1616 Pauli

985 1635 1169 1677 regendam,
1187 1646 1222 1668 ac
1239 1636 1278 1668 ad
1300 1636 1541 1678 procuratoriae
1560 1636 1721 1678 generalis

986 1688 1125 1720 officium
1152 1687 1172 1719 ii
1198 1694 1460 1730 promoveantur,
1484 1690 1539 1732 qui
1564 1690 1719 1732 imposito

986 1741 1047 1774 sibi
1072 1741 1197 1773 muneri
1224 1742 1433 1782 satisfaciant,
1459 1743 1641 1775 visitatores
1671 1753 1721 1775 au-

987 1800 1049 1826 tem
1072 1794 1177 1826 dictae
1198 1794 1473 1836 Congregationis,
1493 1795 1523 1827 in
1550 1801 1621 1827 actu
1647 1796 1720 1829 visi-

988 1847 1119 1879 tationis
1138 1846 1215 1878 dicti
1239 1848 1429 1880 monasterii
1453 1848 1485 1880 S.
1504 1848 1602 1888 Pauli,
1626 1859 1721 1894 p-rae-

987 1900 1084 1932 fatum
1109 1899 1283 1941 collegium
1308 1900 1449 1941 visitent,
1472 1912 1508 1933 ae
1533 1901 1572 1934 de
1597 1902 1661 1934 vita
1689 1908 1722 1935 et

985 1952 1129 1985 moribus
1162 1953 1430 1985 scholasticorum
1468 1953 1644 1996 diligenter
1671 1954 1720 1987 in-

985 2006 1127 2048 quirant,
1146 2010 1178 2037 et
1194 2007 1256 2037 una
1273 2005 1369 2039 simul
1387 2017 1458 2038 cum
1478 2007 1652 2049 praedictis
1670 2008 1721 2040 ab·

984 2058 1058 2091 bate
1082 2057 1268 2091 monasterii
1293 2057 1324 2090 S.
1348 2058 1435 2091 Pauli
1453 2065 1483 2091 et
1508 2065 1720 2102 procuratore

985 2111 1127 2154 generali
1165 2111 1294 2143 eosdem
1333 2111 1567 2144 sct101asticos³
1606 2112 1720 2145 exami-

985 2170 1074 2205 nent;
1090 2169 1131 2204 et,
1145 2174 1225 2207 quos
1240 2164 1344 2206 pravis
1361 2164 1505 2197 moribus
1522 2165 1718 2208 inquinatos,

984 2223 1038 2251 aut
1054 2217 1198 2251 scientiis
1222 2228 1354 2259 operam
1372 2228 1437 2250 non
1458 2218 1587 2251 dedisse
1605 2229 1719 2262 cogno-

986 2271 1111 2311 verint,
1138 2270 1331 2312 praeliabito
1363 2270 1521 2313 praesidis
1546 2281 1717 2313 consensu,

984 2330 1073 2356 extra
1098 2323 1272 2365 collegium
1297 2323 1477 2364 eliminent,
1511 2329 1543 2356 et
1567 2325 1606 2357 ab
1633 2323 1718 2358 Urbe

983 2377 1135 2419 abigant,
1167 2386 1344 2419 eorumque
1370 2376 1588 2410 dimissionem
1614 2377 1719 2411 eidem

983 2429 1124 2473 praesidi
1151 2429 1220 2462 sine
1245 2432 1335 2462 mora
1367 2429 1565 2473 significent,
1591 2431 1646 2475 qui
1678 2431 1719 2465 ad

1019 2511 1029 2535 1
1054 2509 1155 2536 Forsan
1174 2510 1317 2544 adscripti
1335 2511 1372 2543 (R.
1393 2510 1441 2544 τ.).

1018 2554 1034 2580 2
1055 2553 1154 2580 Forsan
1175 2554 1251 2581 deest
1269 2555 1448 2582 monasteria
1466 2556 1503 2589 (R.
1519 2555 1568 2590 Τ.).

1018 2597 1034 2625 3
1054 2598 1123 2625 Edit.
1140 2597 1218 2625 Main.
1236 2598 1301 2634 legit
1315 2600 1479 2627 scholastice
1494 2604 1531 2635 (n,
1548 2601 1598 2634 T.).

1614 202 1671 236 731
1722 210 1769 237 An.
1792 208 1821 237 e.
1843 209 1908 236 ¹057
