2111 3157
217 245 403 273 An.c.1683
448 238 512 271 496

228 1152 251 1172 El
263 1153 306 1172 iure
316 1154 335 1172 et
347 1152 388 1177 pri-

205 1179 281 1203 vilegia
313 1184 388 1199 conce-

205 1206 288 1226 duntur.

385 302 632 339 greg-“itionem
652 296 710 328 sub
736 277 913 328 memorato
943 285 1044 327 titulo
1064 294 1143 326 Bea-

409 355 458 382 tie
484 349 508 381 M
515 349 598 381 z‘niae
623 348 760 390 ΧὛίιςίιιίε
787 349 975 390 tssumptae
1001 347 1164 379 adinstar,

407 402 664 445 stipiadicwtnum
685 400 980 444 Congregationum
1005 399 1141 433 Oiatoiii

389 445 435 501 18
457 454 599 497 Philippi
618 453 701 486 Neiii
721 454 760 486 de
782 453 867 485 [rbe
892 458 924 486 et
948 453 1064 486 Beatae
1081 453 1142 485 Ma-

405 507 470 539 riae
488 507 626 549 Yirginis
652 506 843 549 Assumptae
865 505 1139 550 Ulyssiponensis,

404 560 580 592 dummodo
620 565 724 592 tamen
760 559 857 592 iidem
893 558 1074 602 presbyteri
1110 563 1141 591 et

402 614 510 646 cleriei
529 613 749 646 ordinationes
769 618 797 645 et
819 612 965 645 instituta
981 612 1139 645 dictarum

402 665 694 709 Congu-egationum
722 666 800 698 alias
819 677 836 698 a
860 666 1054 698 recolendae
1074 676 1140 698 me-

401 718 523 751 moriae
547 719 648 752 Paulo
672 719 758 762 Papa
776 719 796 751 V
816 719 1067 761 praedecessore
1084 729 1139 761 pa-

401 772 479 804 riter
504 777 615 804 nostro
637 782 672 804 ac
689 772 835 814 praefato
861 771 1025 804 Clemente
1044 781 1138 813 prae-

400 824 570 858 decessore
596 825 776 868 respective
797 824 985 857 consirmata
1010 833 1137 866 recepe-

384 876 481 923 rint,
508 888 563 910 seu
590 878 756 921 recipiant,
783 883 814 909 et
839 877 893 910 illa
925 887 984 920 pro
1014 876 1136 909 viribus

399 930 573 963 observare
588 931 766 970 intendant,
778 931 838 963 sub
853 929 1136 962 constitutionibus

382 983 465 1029 ‘sive
483 983 609 1015 statutis
631 983 830 1026 illorumque
849 982 1028 1026 appendice
1046 992 1135 1025 prae—

399 1034 504 1075 dictis,
523 1036 713 1068 anctoritate
732 1041 763 1068 et
781 1041 892 1068 tenore
910 1034 1065 1078 praefatis
1085 1033 1135 1065 iti-

400 1088 471 1121 dem
492 1094 650 1132 perpetuo
676 1088 827 1131 erigimus
853 1093 885 1120 et
910 1087 1122 1120 instituimus.

443 1141 457 1184 ξ
482 1141 512 1173 4.
542 1141 584 1174 Ac
605 1140 769 1173 modernis
784 1146 815 1173 et
835 1150 892 1183 pro
912 1145 1058 1182 tempore
1076 1138 1136 1172 exi-

399 1194 559 1226 stentibus
580 1194 777 1237 praeposito,
797 1198 827 1226 et
845 1193 916 1226 aliis
935 1192 1134 1236 presbyteris

399 1246 543 1280 eiusdem
563 1246 833 1289 Congregationis
848 1257 892 1278 sic
907 1251 945 1279 de
964 1256 1047 1278 novo
1066 1255 1136 1278 ere-

399 1305 482 1340 ctae,
502 1300 554 1343 qni
570 1301 609 1333 ab
627 1300 798 1333 Ordinario
817 1310 888 1343 appi
901 1300 987 1333 obati
1007 1299 1134 1339 suerint,

398 1357 432 1384 ut
457 1353 679 1385 consessiones
709 1363 986 1395 quorumcumque
1013 1352 1051 1384 ad
1078 1361 1133 1384 eos

398 1406 621 1438 accedentium
654 1416 857 1448 quocumque
890 1405 963 1437 anni
991 1410 1134 1447 tempore

399 1458 531 1498 audire,
562 1458 690 1502 illisque
720 1459 917 1501 poenitentia
942 1458 1050 1491 debita
1074 1468 1134 1500 pro

399 1512 494 1544 modo
520 1512 645 1554 culpae,
671 1516 702 1544 et
727 1511 806 1551 aliis,
828 1522 909 1554 quae
934 1511 1135 1554 iniungenda

400 1564 528 1604 suerint,
554 1564 726 1603 iniunctis,
750 1564 986 1597 absolutionem
1012 1564 1136 1607 impen-

399 1619 476 1651 dere
502 1619 672 1650 salutarem
688 1617 834 1661 .p0ssint
859 1622 890 1650 et
915 1618 1061 1657 valcant3
1087 1628 1137 1650 sa-

399 1671 551 1703 cerdotes
571 1681 649 1703 vero
676 1676 708 1703 et
732 1669 840 1703 clerici
862 1670 894 1702 in
920 1670 1033 1704 eadem
1054 1669 1136 1702 Con-

400 1724 588 1766 gregatione
613 1723 758 1766 recepti,
779 1733 955 1766 eorumque
982 1723 1134 1763 ministri,

399 1788 458 1821 pro
484 1783 629 1820 tempore
650 1788 714 1820 quo
738 1776 858 1809 ibidem
878 1776 1134 1819 permanserint,

400 1831 552 1874 parochis
578 1841 730 1864 eorumve
764 1830 976 1863 iurisdictioni
1003 1830 1136 1863 minime

400 1884 599 1924 subiaceant,
619 1883 747 1927 ipsique
768 1883 953 1915 sacerdotes
979 1882 1040 1916 sibi
1058 1883 1138 1915 invi-

399 1947 467 1969 cem
483 1965 490 1977 ,
516 1948 552 1970 ae
576 1936 702 1970 clericis
728 1942 759 1969 et
782 1935 936 1968 ministris
962 1936 1135 1979 praefatis,

400 1990 493 2023 etiam
526 1990 634 2030 laicis,
662 2000 884 2034 quaecumque
921 1989 1137 2022 ecclesiastica

399 2049 613 2083 sacramenta,
631 2044 745 2087 quovis
771 2042 868 2076 etiam
887 2042 1050 2076 paschatis
1078 2042 1137 2075 Re-

400 2097 610 2130 surrectionis
635 2096 822 2130 Dominicae
841 2101 1001 2139 tempore,
1019 2095 1086 2128 viee
1105 2100 1137 2128 et

400 2151 472 2184 loco
490 2150 623 2194 parochi
648 2149 857 2189 ministrare3
876 2148 1061 2192 superiores
1083 2159 1137 2181 au-

400 2208 464 2236 tem
489 2204 591 2247 ipsius
608 2202 876 2245 Congregationis
901 2211 960 2245 per
984 2211 1138 2245 praesen-

401 2262 448 2289 tes
475 2261 612 2296 erectae,
631 2266 690 2299 per
707 2265 751 2295 se,
770 2255 820 2288 vel
845 2254 957 2294 alium,
976 2264 1032 2287 seu
1057 2253 1136 2286 alios

402 2320 438 2342 ex
459 2309 538 2353 ipsis
557 2309 618 2341 iam
644 2308 845 2352 approbatis,
863 2318 936 2340 suos
977 2319 983 2323 ·
1019 2307 1102 2340 ditos
1120 2318 1137 2340 a

401 2362 547 2395 censuris
580 2363 667 2404 (non
704 2367 811 2394 tamen
844 2361 877 2393 in
910 2360 1034 2393 casibus
1063 2360 1136 2393 Sedi

403 2415 607 2458 Apostolicae
633 2414 815 2455 reservatis,
840 2424 946 2457 neque
964 2414 997 2446 in
1022 2414 1137 2447 litteris

402 2467 453 2501 die
471 2467 598 2500 Coenae
615 2467 740 2500 Domini
759 2467 821 2510 legi
843 2466 946 2500 solitis
962 2467 1136 2509 contentis)

402 2520 580 2559 absolvere,
599 2520 727 2563 illisque
745 2520 886 2553 debitam
905 2519 1137 2563 poenitentiam

401 2573 550 2606 similiter
567 2573 754 2615 iniungere,
774 2573 935 2616 iidemque
953 2573 1136 2616 superiores

402 2631 550 2670 receptos
575 2625 798 2660 inobedientes
817 2631 847 2657 ei
873 2625 972 2665 ipsius
998 2625 1138 2666 Congre-

999 245 1178 270 BL'LLARIUM
1202 245 1267 270 ROM
1270 246 1355 271 ANUM

1187 294 1324 335 gationis
1358 282 1626 328 constitutionum
1663 299 1920 337 tiansgressores

1927 246 1978 274 An.
1999 247 2027 275 C.
2046 249 2107 278 «083

1186 347 1313 389 punite
1336 353 1368 380 et
1383 348 1581 391 poenitentia
1606 359 1666 391 pro
1683 348 1777 381 modo
1794 350 1931 391 culpae„

1185 402 1312 433 servata
1330 406 1436 433 tamen
1456 401 1557 434 forma
1573 400 1810 434 ordinationum
1827 405 1858 433 et
1872 401 1921 434 in-

1184 453 1742 493 stitutionumhuiusmodi,afficere,
1757 457 1796 493 et,
1815 453 1839 485 si
1857 453 1918 486 sibi

1185 506 1355 546 videbitur,
1381 517 1453 539 cum
1479 517 1643 540 consensu
1667 506 1799 539 maioris
1819 506 1917 549 partis

1183 559 1288 592 dictae
1305 559 1772 602 Congregationis,culpabiles
1790 558 1917 599 eiicere,

1182 611 1331 644 invocato
1357 611 1453 644 etiam
1478 612 1516 644 ad
1543 611 1618 651 hoc,
1649 611 1673 643 si
1704 621 1786 654 opus
1811 611 1919 651 suerit,

1182 664 1300 705 auxilio
1319 664 1444 697 brachii
1461 664 1646 704 saecularis,
1661 663 1763 696 libere
1781 668 1813 696 et
1829 663 1917 696 licite

1181 716 1334 749 similiter
1365 717 1491 760 possint
1514 721 1546 749 et
1570 718 1697 750 valeant
1717 743 1723 756 ‚
1754 716 1838 749 dicta
1861 727 1917 749 au-

1180 769 1327 801 ctoritate
1345 796 1352 809 ,
1376 770 1487 802 haruin
1514 769 1595 802 serie
1611 796 1619 809 ,
1646 768 1854 802 concedimus
1883 773 1916 801 et

1179 820 1396 865 indulgemus.
1436 823 1635 866 Presbyteris
1671 828 1703 855 et
1733 821 1859 855 clericis
1883 821 1915 855 in

1179 875 1326 908 eamdem
1362 875 1655 918 Congregationem
1680 886 1740 919 pro
1771 880 1915 918 tempore

1179 928 1332 970 receptis,
1359 939 1399 961 ne
1424 929 1494 972 ipsa
1518 926 1793 971 Congregatione,
1818 928 1914 961 etiam

1179 992 1216 1013 ex
1241 981 1415 1014 iustissima
1440 983 1543 1020 causa,
1563 982 1622 1014 nisi
1648 982 1739 1025 prius
1758 982 1846 1016 illam
1864 993 1916 1014 su-

1179 1034 1299 1076 periori
1336 1034 1602 1077 Congregationis
1635 1034 1822 1067 huiusmodi
1856 1046 1915 1078 pro

1179 1092 1324 1129 tempore
1340 1086 1489 1120 existenti
1503 1087 1786 1126 manifestaverint,
1803 1088 1914 1130 egredi

1177 1139 1318 1172 audeant
1342 1139 1454 1182 quovis
1488 1140 1584 1172 modo
1610 1140 1658 1172 vel
1683 1146 1914 1183 praesumant,

1178 1193 1236 1226 sub
1257 1192 1601 1226 excommunicationis
1626 1194 1710 1226 latae
1736 1194 1915 1226 sententiae

1177 1249 1283 1289 poena
1312 1257 1371 1290 per
1402 1246 1675 1280 contrafacientes
1700 1257 1739 1280 eo
1771 1247 1842 1290 ipso
1867 1248 1916 1280 in-

1178 1299 1347 1338 currenda,
1363 1299 1551 1332 auctoritate
1567 1304 1597 1332 et
1616 1304 1727 1332 tenore
1740 1299 1915 1343 praedictis

1178 1352 1391 1395 prohibemus
1416 1357 1448 1385 et
1465 1352 1701 1385 interdicimus.
1725 1353 1769 1385 Ac
1786 1353 1913 1386 demum

1178 1405 1264 1447 quod
1290 1404 1434 1447 praefata
1453 1404 1669 1447 Congregatio
1694 1410 1854 1448 perpetuo
1875 1405 1917 1438 sit

1179 1463 1210 1491 et
1234 1468 1305 1490 esse
1339 1457 1558 1500 intelligatur,
1591 1458 1781 1501 praesertim
1808 1459 1913 1501 quoad

1178 1511 1359 1551 missiones,
1386 1511 1530 1544 subiecta
1556 1511 1761 1544 omnimodae
1786 1511 1916 1544 iurisdi-

1179 1563 1276 1597 ctioni
1302 1564 1445 1607 episcopi
1470 1564 1725 1606 Portugallensis
1753 1574 1813 1607 pro
1839 1569 1916 1597 tem-

1179 1628 1258 1660 pore
1280 1617 1461 1657 existentis‚
1482 1628 1497 1649 a
1515 1627 1578 1660 qno
1597 1616 1809 1650 nihilominus
1830 1618 1916 1651 ordi-

1179 1670 1326 1703 nationes
1346 1675 1377 1704 et
1400 1670 1545 1703 instituta
1569 1670 1669 1713 ipsius
1687 1670 1917 1713 Congregatio-

1180 1723 1227 1756 nis
1246 1723 1406 1756 immutari
1425 1728 1477 1755 aut
1490 1723 1619 1756 alterari
1633 1722 1764 1756 minime
1778 1724 1914 1766 possint,

1179 1776 1370 1809 auctoritate
1396 1776 1568 1819 praedicta,
1591 1776 1779 1809 earumdem
1804 1781 1915 1809 tenore

1179 1828 1414 1872 praesentium,
1431 1828 1554 1872 pariter
1571 1833 1729 1872 perpetuo
1746 1829 1914 1862 statuimus

1180 1887 1210 1914 et
1235 1882 1434 1914 ordinamus.
1475 1922 1477 1924 q

1223 1935 1237 1977 ξ
1255 1934 1285 1967 5.
1309 1935 1525 1967 Decernentes
1546 1934 1629 1977 ipsas
1654 1940 1845 1978 praesentes
1865 1935 1918 1968 lit-

1954 1938 2072 1961 clausulae.

1179 1993 1264 2021 teras
1288 1997 1419 2030 semper
1442 1987 1550 2020 firmas
1568 2013 1575 2027 ,
1602 1987 1724 2020 validas
1752 1993 1783 2021 et
1811 1988 1930 2036 effica-¹

1179 2052 1231 2074 ces
1249 2041 1387 2073 existere
1413 2045 1445 2073 et
1469 2040 1558 2079 fore,
1584 2050 1728 2084 suosque
1753 2041 1918 2084 plenarios

1179 2099 1212 2127 et
1238 2094 1384 2137 integros
1408 2093 1540 2127 effectus
1565 2093 1675 2126 sortiri
1701 2098 1733 2127 et
1755 2094 1917 2134 obtinere,

1178 2158 1215 2180 ac
1239 2148 1312 2188 illis,
1332 2147 1370 2180 ad
1389 2157 1471 2191 quos
1495 2152 1621 2190 spectat
1645 2152 1676 2180 et
1693 2158 1752 2191 pro
1772 2153 1918 2192 tempore

1179 2201 1449 2244 quandocumque
1484 2200 1660 2244 spectabit,
1687 2200 1918 2235 inviolabiliter

1179 2254 1354 2293 observari,
1368 2253 1481 2297 sicque
1495 2253 1528 2286 in
1543 2253 1727 2297 praemissis
1738 2264 1798 2297 per
1820 2265 1919 2298 quos-

1179 2317 1319 2351 cumque
1353 2307 1479 2340 iudices
1506 2307 1691 2340 ordinarios
1722 2311 1755 2340 et
1786 2308 1917 2351 delega-

1180 2365 1248 2399 tos,
1275 2360 1373 2393 etiam
1404 2370 1577 2393 causarum
1606 2359 1719 2403 palatii
1744 2360 1916 2403 apostolici

1179 2413 1358 2452 auditores,
1384 2423 1420 2445 ao
1444 2412 1475 2446 S.
1498 2412 1536 2445 R.
1559 2412 1594 2445 E.
1623 2413 1812 2453 cardinales,
1834 2413 1918 2446 iudi-

1179 2466 1245 2498 cari
1272 2471 1304 2498 et
1336 2465 1466 2498 definiri
1492 2466 1635 2507 debere,
1661 2476 1698 2498 ac
1729 2465 1859 2498 irritum
1886 2470 1918 2499 et

1179 2518 1275 2551 inane
1302 2518 1327 2550 si
1355 2528 1450 2551 secus
1479 2528 1580 2561 super
1608 2518 1659 2551 his
1688 2528 1705 2550 a
1730 2528 1915 2562 quoquam,

1180 2570 1293 2614 quavis
1326 2571 1542 2611 auctoritate,
1565 2570 1710 2603 scienter
1741 2571 1791 2604 vel
1823 2571 1918 2627 igno·

1181 2628 1301 2665 muter,
1323 2623 1501 2668 contigerit
1525 2622 1693 2657 attentari.
