2111 3157
824 199 918 223 mnas
946 199 1048 223 nauum
1595 188 1658 220 973

253 250 285 283 Β.
303 250 341 283 Μ.
359 249 398 283 de
422 249 564 282 Mercede
589 250 808 294 Redemptoris
825 250 1025 293 Captivorum
1041 260 1104 284 non
1120 250 1215 284 licere
1239 250 1387 293 pecunias
1412 254 1522 282 mutuo
1546 249 1702 291 accipere,

253 302 313 336 nisi
330 302 407 335 iuris
424 301 536 335 ordine
560 306 695 342 servato,
719 307 802 335 extat
826 303 1056 340 confirmatum,
1075 302 1139 337 786
1156 303 1173 336 b
1190 307 1220 337 et
1235 314 1313 347 seq.;
1338 301 1597 345 Congregationis
1622 301 1703 333 eius-

253 355 326 388 dem
350 354 389 388 de
412 354 574 388 servandis
591 355 868 389 constitutionibus
883 356 968 389 tertii
985 355 1110 390 Ordinis
1129 356 1158 390 S.
1177 356 1335 389 Francisci
1353 354 1456 399 quoad
1473 355 1586 387 fratres
1607 354 1703 386 laicos

253 412 285 440 et
315 407 437 441 oblatos
468 406 649 450 provinciae
673 407 837 450 Franciae,
864 408 960 441 refert
984 413 1013 441 et
1037 408 1221 449 confirmat,
1254 407 1317 441 758
1351 419 1388 447 α;
1422 408 1585 440 decretum
1618 406 1703 439 aliud

253 459 396 493 eiusdem
420 459 459 492 de
483 460 623 503 primatu
646 460 859 503 collegialium
876 461 906 494 S.
924 461 1160 495 Bonaventurae
1185 461 1223 494 de
1248 461 1331 494 Urbe
1354 470 1451 504 supra
1474 460 1615 503 reliquos
1641 460 1704 492 col-

254 512 383 555 legiales
408 513 631 546 conventuales
655 513 781 546 Ordinis
806 514 835 547 S.
857 514 1026 554 Francisci,
1051 519 1134 547 extat
1154 514 1386 553 confirmatum,
1411 512 1475 545 9⁶27
1500 513 1525 544 b.

165 566 332 599 Decretum
357 565 617 608 Congregationis
641 566 851 600 Immunitatis
874 577 932 610 pro
957 567 1155 610 exemptione
1175 565 1375 609 syndicorum
1405 564 1530 598 Ordinis
1555 564 1583 597 S.
1611 564 1705 597 Fran-

255 617 329 651 cisci
353 617 392 650 de
416 617 625 651 Observantia
648 628 666 650 a
690 618 759 651 foro
784 619 948 659 saeculari,
973 618 1036 652 687
1062 630 1091 651 α.

165 670 331 704 Decretum
348 669 607 712 Congregationis
632 669 914 712 1ndulgenssarum,
938 681 1001 713 quo
1026 671 1299 704 confraternitates
1318 679 1428 703 omnes
1445 669 1495 703 SS.
1513 669 1704 702 Sacramenti

255 722 356 755 ubivis
380 722 523 755 locorum
548 722 709 755 institutae
732 722 811 756 fiunt
844 723 1013 766 participes
1050 723 1320 765 indulgentiarum
1349 722 1705 756 areliiconfraternitatis

255 775 395 808 eiusdem
424 775 561 809 nominis
585 775 617 808 in
640 776 774 809 ecclesia
799 776 828 809 S.
845 776 960 808 Mariae
984 785 1079 818 super
1103 775 1271 808 Minervam
1299 775 1468 816 institutae,
1489 779 1570 808 extat
1596 773 1660 806 103
1680 774 1706 812 Iu

254 828 513 871 Congregationis
533 828 684 869 eiusdem,
712 839 775 872 quo
794 827 1011 871 approbantur
1039 827 1252 869 indulgentiae
1277 837 1445 860 concessae
1469 826 1707 860 confraternita-

256 881 339 914 tibus
364 881 396 913 Β.
421 881 459 913 Μ.
484 880 522 914 de
546 881 689 914 Mercede
717 880 951 924 Redemptionis
967 879 1186 923 Captivorum,
1204 883 1287 913 extat
1311 879 1376 912 ’134
1391 880 1425 919 b;
1449 879 1707 922 Congregationis

254 933 447 977 praedictae,
475 943 538 977 quo
562 934 770 978 approbatum
795 933 852 966 suit
878 933 1087 966 summarium
1110 933 1377 975 indulgentiarum
1399 932 1707 966 confraternitatibus

254 986 306 1020 SS.
332 986 454 1020 Rosarii
479 996 712 1028 concessarum,
740 990 824 1020 extat
847 986 1079 1027 confirmatum,
1105 984 1168 1017 1180·
1193 997 1214 1019 ccv
1240 991 1271 1019 et
1295 996 1370 1029 seq.;
1398 985 1537 1018 eiusdem
1563 986 1703 1027 Congre-

256 1039 401 1082 gationis‚
415 1050 478 1083 quo
502 1040 698 1083 approbatur
714 1039 922 1072 summarium
942 1039 1208 1081 indulgentiarum
1234 1039 1545 1072 confraternitatibus
1570 1039 1621 1072 SS,
1643 1039 1708 1071 Tri-

257 1092 362 1124 nitatis
378 1091 614 1136 Redemptionis
638 1092 838 1136 Captivorum
862 1102 1094 1132 concessarum,
1112 1092 1207 1125 refert
1224 1098 1254 1125 et
1271 1092 1447 1133 confirmat,
1464 1091 1529 1124 0233
1545 1103 1565 1125 α
1582 1097 1612 1124 et
1629 1103 1707 1136 seq.;

258 1145 343 1178 aliud
368 1145 524 1185 eiusdem,
551 1145 712 1178 declarans
737 1155 888 1188 personas
919 1145 1133 1177 substantialia
1159 1145 1321 1187 religionis
1346 1150 1418 1178 vota
1442 1154 1504 1177 non
1530 1144 1708 1177 emittentes

258 1207 323 1231 non
347 1198 573 1241 comprehendi
599 1198 630 1230 in
655 1198 794 1240 generali
820 1197 1084 1240 indulgentiarum
1111 1198 1323 1237 revocatione,
1350 1203 1433 1230 extat
1467 1197 1708 1236 confirmatum,

262 1250 321 1283 711
350 1262 370 1284 α
394 1257 425 1283 et
449 1251 474 1283 b.

171 1303 339 1337 Decretum
363 1304 621 1346 Congregationis
646 1304 816 1337 Sacrorum
841 1303 967 1336 llituum
985 1302 1024 1335 de
1045 1302 1097 1342 iis,
1116 1312 1195 1345 quae
1220 1302 1251 1334 in
1276 1302 1378 1334 causis
1403 1302 1668 1335 beatificationum
1681 1309 1711 1334 et

261 1357 534 1389 canonizationum
558 1356 745 1390 Sanctorum
771 1355 924 1388 servanda
946 1360 1026 1395 sunt,
1051 1359 1192 1386 recenset
1217 1360 1247 1386 et
1271 1354 1438 1396 approbat,
1463 1354 1558 1388 refert
1583 1360 1613 1386 et
1636 1364 1710 1387 con-

260 1411 375 1452 firmat,
401 1410 465 1443 1023
490 1421 510 1443 α
534 1415 565 1443 et
588 1421 667 1454 seq.;
701 1410 866 1443 decretum
898 1407 1159 1451 Congregationis
1191 1407 1332 1439 eiusdem
1364 1417 1459 1449 super
1491 1407 1711 1450 praecedentia

262 1463 418 1496 Minorum
443 1462 684 1496 Observantium
713 1462 919 1506 Cappuccinis
948 1461 979 1494 in
1007 1460 1272 1504 processionibus,
1303 1460 1362 1492 rlli-l
1394 1460 1425 1499 b,
1454 1460 1712 1503 Congregationis

262 1516 454 1559 praedictae,
480 1526 543 1558 quo
561 1516 708 1549 statuitur
726 1516 878 1548 cadavera
895 1514 1126 1554 defunctorum,
1161 1513 1213 1556 qui
1243 1513 1275 1545 in
1303 1512 1447 1545 ecclesiis
1472 1512 1712 1546 Carmelitarum

262 1569 528 1602 Discalceatorum
554 1569 749 1612 sepulturam
775 1568 834 1601 sibi
859 1568 1037 1610 elegerunt,
1061 1577 1078 1599 a
1102 1566 1249 1609 parochis
1274 1565 1312 1598 ad
1336 1566 1522 1599 eorumdem
1548 1566 1713 1599 ecclesiam

264 1621 432 1655 deferenda
457 1632 535 1662 esse,
559 1626 644 1654 extat
669 1622 900 1660 confirmatum,
925 1619 989 1652 0238
1016 1621 1047 1659 b;
1073 1619 1157 1651 aliud
1181 1618 1339 1662 praefatae
1361 1619 1630 1661 Congregationis,
1651 1629 1714 1662 quo

264 1675 458 1718 approbatur
482 1675 594 1708 electio
618 1675 647 1707 S.
673 1674 783 1717 Ignatii
808 1673 846 1706 de
863 1674 977 1717 Loyola
1001 1673 1032 1705 in
1057 1677 1225 1715 patronum
1242 1671 1382 1714 regionis
1407 1671 1602 1712 Cantabriae,
1619 1672 1715 1704 refert

265 1733 296 1760 et
315 1728 498 1768 confirmat,
516 1727 579 1760 428
597 1727 630 1767 b;
656 1727 741 1760 aliud
758 1726 909 1766 eiusdem,
933 1736 996 1769 quo
1012 1725 1190 1758 declaratur
1214 1724 1310 1757 licere
1334 1724 1498 1757 monachis
1517 1723 1716 1757 Carthusien-

266 1779 353 1813 sibus
379 1780 491 1823 Papiae
510 1780 674 1813 instituere
691 1780 926 1823 processionem
944 1779 975 1811 in
995 1778 1160 1811 festivitate
1177 1778 1325 1821 Corporis
1342 1777 1455 1811 Christi
1473 1777 1590 1820 apertis
1615 1778 1716 1810 ianuis

266 1833 348 1866 intra
372 1834 526 1873 claustra,
551 1833 775 1873 confirmatur,
800 1833 864 1866 402⁴.)
889 1833 921 1872 b3
948 1831 1208 1875 Congregationis
1232 1830 1428 1874 praedictae,
1453 1830 1491 1863 de
1520 1830 1660 1873 primatu
1685 1831 1717 1863 in

266 1886 479 1920 functionibus
515 1891 545 1919 et
580 1886 650 1919 iure
683 1886 895 1929 processionis
930 1884 1130 1929 peragendae
1165 1894 1224 1927 pro
1257 1883 1408 1916 fratribus
1444 1883 1717 1917 Praedicatorihus

268 1945 378 1972 contra
403 1939 538 1973 Minores
563 1939 601 1972 de
623 1939 829 1973 Observantia
846 1939 878 1972 in
894 1938 1033 1978 Onitensi
1051 1937 1226 1981 provincia,
1244 1941 1326 1969 extat
1350 1936 1584 1976 confirmatum,
1605 1936 1669 1969 0⁹25
1686 1938 1716 1976 b3

268 1992 426 2035 praefatae
449 1992 720 2035 Congregationis,
737 2002 800 2035 quo
816 1991 1012 2036 permittitur
1029 1989 1138 2024 Ordini
1167 1989 1198 2021 B.
1213 1989 1250 2021 M.
1268 1988 1306 2021 de
1324 1988 1465 2022 Mercede
1491 1989 1718 2032 redemptionis

269 2044 469 2087 captivorum
494 2045 635 2078 recitatio
660 2045 754 2078 officii
779 2055 850 2078 cum
876 2045 971 2077 missa
988 2044 1017 2077 S.
1037 2041 1211 2086 Raymundi
1236 2041 1275 2074 de
1300 2041 1468 2074 Pennafort
1492 2041 1550 2074 sub
1575 2042 1637 2075 ritu
1661 2042 1719 2074 du-

270 2097 344 2140 plici
368 2097 524 2130 secundae
554 2097 661 2131 classis
693 2108 765 2131 cum
790 2099 910 2137 octava,
933 2097 1029 2130 refert
1053 2100 1082 2129 et
1106 2096 1284 2135 confirmat,
1310 2094 1373 2127 755
1397 2095 1432 2134 b,
1457 2094 1542 2127 aliud
1566 2095 1718 2134 eiusdem,

268 2149 363 2183 allato
388 2149 499 2190 simile,
520 2160 584 2193 quo
609 2150 793 2184 conceditur
817 2150 956 2194 praefato
981 2149 1089 2182 Ordini
1117 2149 1246 2181 facultas
1271 2147 1424 2180 recitandi
1449 2147 1587 2180 officium
1614 2153 1643 2180 et
1668 2158 1718 2181 cc-

270 2202 415 2236 lebrandi
441 2203 568 2236 missam
594 2204 624 2236 B.
645 2204 726 2237 Petri
751 2204 923 2247 Armengol
949 2203 1098 2245 martyris
1123 2202 1181 2234 sub
1203 2202 1265 2234 ritu
1289 2200 1407 2244 duplici
1432 2201 1588 2234 secundae
1613 2202 1720 2235 classis

271 2267 342 2290 cum
368 2258 488 2298 octava,
513 2257 601 2290 adest
625 2258 859 2297 confirmatum,
885 2256 948 2289 75ss
972 2256 1006 2294 b3
1031 2254 1114 2287 aliud
1140 2255 1298 2297 praefatae
1318 2254 1592 2296 Congregafionis,
1617 2254 1720 2288 decla-

272 2318 345 2341 rans
370 2310 610 2343 constitutiones
633 2310 802 2342 Alexandri
826 2309 877 2342 Vll
903 2314 933 2341 et
956 2307 1124 2341 Clementis
1150 2306 1301 2347 tx,ci1·ca
1334 2306 1445 2338 missas
1470 2306 1508 2339 de
1533 2306 1610 2340 sesto
1641 2308 1721 2340 cele-

271 2361 407 2395 brandas
432 2362 463 2394 in
488 2362 641 2395 altaribus
665 2361 871 2406 privilegiatis
895 2362 965 2394 loco
999 2360 1123 2392 illarum
1149 2360 1186 2392 de
1209 2360 1371 2402 requiem,
1398 2368 1456 2401 pro
1485 2358 1594 2392 diebus
1626 2359 1719 2392 etiam

272 2413 432 2457 impeditis
456 2414 675 2457 intelligendas
700 2424 776 2454 esse,
802 2413 1018 2451 confirmatur,
1044 2412 1110 2445 914
1128 2413 1155 2445 b.

183 2466 410 2500 Defunctorum
435 2467 550 2500 delatio
574 2467 815 2510 processionalis
846 2466 885 2499 ad
909 2466 1055 2499 ecclesias
1080 2465 1292 2508 regularium,
1316 2464 1358 2497 0253
1383 2475 1421 2504 α;
1444 2465 1539 2498 dubia
1565 2465 1718 2508 quaedam

274 2519 358 2552 circa
381 2520 486 2563 ipsum
512 2520 730 2558 resolvuntur,
756 2518 798 2552 023
822 2519 847 2551 b.

185 2571 381 2613 Dimissoria‚
404 2572 475 2606 vide
499 2571 684 2610 Melitenses.
