2111 3157
173 237 200 255 n.
218 229 246 255 C.
268 228 336 255 1688

383 219 445 253 8⁶22

341 277 489 311 riendam
510 277 690 314 ecclesiam,
715 280 746 308 et
770 278 903 317 excepto
930 273 981 306 die
1006 272 1078 305 Coe-

342 340 401 362 nae
427 330 565 368 Domini,
592 334 665 371 post
692 327 900 360 collationem
924 324 1077 365 mandati,

343 384 417 426 quia
442 389 517 415 tunc
541 382 631 425 prior
655 381 779 425 primus
805 379 879 412 exit.

385 447 448 469 xlx.
475 435 532 474 Qui
558 434 768 478 praecedenti
795 434 893 466 horae
919 432 950 464 in
977 432 1080 464 eccle-

342 489 389 520 sia
408 487 591 520 immediate
609 492 683 519 ante
705 486 914 519 resectionem
932 490 1078 517 cantatae

343 552 407 573 non
432 541 623 579 interfflerit,
646 550 711 572 non
737 538 859 582 poterit
883 538 921 570 ad
942 537 1080 569 resecto-

342 593 423 625 rium
456 599 530 636 post
561 593 649 626 illam
680 593 795 624 horam
828 590 1024 629 convenire,
1049 593 1080 621 et

341 646 395 689 qui
430 646 462 678 in
494 645 664 678 refectorio
697 655 762 677 non
795 643 893 676 suerit
917 652 1077 686 pransus,

340 710 474 732 coenam
499 700 531 732 in
557 710 596 732 eo
621 709 747 731 sumere
773 708 839 730 non
857 696 1001 730 debebit.
1022 693 1079 733 Qui

340 763 414 786 vero
440 753 578 795 prandet
603 752 634 784 in
655 751 836 790 refectorio,
856 761 872 782 a
889 750 992 782 coena
1009 748 1079 780 sine

341 805 471 838 licentia
505 806 618 839 abesse
654 816 719 838 non
754 804 869 845 debet,
902 801 1080 836 dnmmodo

341 860 485 903 vesperis
512 859 708 892 interfuerit.

384 924 432 946 xx.
459 913 492 945 ln
518 912 691 945 refectorio
728 911 962 944 monachornm
999 908 1080 941 nulli

342 972 489 999 nostrum
515 966 590 999 licet
625 965 724 1008 loqui,
752 976 810 997 nee
843 974 1000 997 converso
1026 973 1082 995 un-

343 1031 437 1062 quam
462 1019 647 1052 comedere.
666 1018 835 1061 Nunquam
861 1017 892 1048 in
910 1015 1081 1048 refectorio

341 1083 580 1111 conversorum,
600 1082 763 1113 nunquam
782 1070 813 1102 in
833 1068 1003 1102 refectorio
1016 1078 1083 1100 ino-

342 1127 517 1158 nacborum
544 1124 751 1163 comedimus,
770 1123 831 1154 nisi
850 1122 979 1165 quando
997 1121 1083 1153 iuxta

342 1184 498 1212 statutum
525 1178 556 1210 in
582 1176 757 1210 refectorio
789 1176 961 1208 comedere
987 1174 1085 1207 debe-

342 1243 422 1270 mus,
451 1241 628 1274 nunqnam,
644 1229 786 1272 exceptis
811 1228 953 1272 propriis
978 1227 1080 1265 cellis,

342 1286 373 1318 in
411 1285 519 1328 aliqua
552 1284 648 1317 domo
681 1284 729 1315 vel
771 1282 899 1315 officina
932 1280 1082 1313 monachi

343 1338 540 1370 manducant
555 1343 607 1369 aut
624 1337 749 1375 bibunt,
771 1335 831 1367 nisi
850 1335 939 1377 prior
957 1339 988 1366 et
1007 1344 1082 1376 pro-

343 1396 495 1430 curator,
523 1400 620 1422 nemo
645 1394 752 1421 autem
773 1397 913 1430 unquam
939 1391 1083 1418 nostrum

343 1445 375 1476 in
401 1444 506 1476 aliena
531 1444 624 1476 cella.

389 1508 454 1530 xm.
471 1496 518 1529 Ad
537 1505 670 1529 coenam
688 1494 720 1527 in
739 1493 913 1527 refectorio
930 1502 994 1526 non
1014 1502 1083 1532 ova,
1104 1511 1105 1518 1

344 1561 407 1583 non
426 1550 540 1593 pisces,
559 1554 614 1582 aut
631 1549 739 1591 aliqua
764 1547 836 1581 talis
858 1546 1003 1590 pitantia,
1025 1556 1084 1578 nec
1104 1570 1105 1574 ,

1104 1630 1105 1640 ,
1127 1600 1167 1632 sit
1185 1611 1256 1632 euin
1276 1598 1432 1632 modestia
1456 1603 1487 1630 et
1511 1596 1609 1629 animi
1634 1594 1865 1638 resignatione,

344 1657 382 1688 ab
403 1655 510 1698 aliquo
537 1660 613 1686 tunc
631 1654 841 1686 comedatur:
858 1652 948 1695 prior
965 1656 997 1683 et
1016 1661 1085 1694 pro-
1104 1641 1106 1678 ῗ

1105 1707 1265 1739 ,subditis
1292 1706 1472 1738 necessaria
1499 1704 1587 1736 iuxta
1615 1703 1750 1736 sormam
1775 1701 1868 1734 Ordi-

344 1761 513 1800 miserint,
545 1770 675 1792 necnon
699 1769 812 1792 omnes
847 1759 900 1801 qui
936 1758 1107 1790 comede-¹

344 1603 439 1635 etiam
467 1602 607 1645 coquina
633 1602 679 1644 (a)
705 1611 847 1643 unquam
878 1599 991 1638 detur,
1025 1608 1082 1630 nec

344 1714 476 1741 curator
496 1709 549 1751 qui
568 1706 829 1746 contrafecerint‚
851 1711 904 1738 aut
921 1704 989 1737 fieri
1012 1714 1085 1747 per-

346 1815 428 1854 rint,
456 1813 561 1857 prima
586 1813 636 1845 die
671 1812 821 1855 sequenti
847 1811 916 1843 sine
943 1810 1085 1854 capitulo

347 1921 378 1952 in
405 1920 501 1952 domo
526 1919 725 1958 Cartliusiae,
745 1918 845 1950 tribus
867 1918 980 1950 diebus
1001 1917 1087 1960 capi-

349 1973 402 2005 tuli
430 1972 613 2014 generatis,
638 1971 805 2014 prioribus
843 1971 875 2003 in
913 1970 1109 2021 refectorio*¹

348 2025 561 2058 coenantibus
588 2024 693 2068 aliqua
714 2024 849 2067 pitantia
873 2023 1084 2056 ministratur.

392 2089 469 2111 xxn.
497 2078 530 2110 ln
558 2078 666 2110 coenis
686 2078 780 2110 etiam
798 2078 952 2110 cellarum
974 2077 1087 2110 diebus

349 2132 443 2164 binae.
470 2131 655 2164 resectionis
687 2137 833 2163 servetur
859 2130 1026 2172 frugalitas
1057 2135 1086 2161 et

351 2184 556 2217 carthusiana
580 2184 779 2227 simplicitas.
808 2184 984 2226 Propterea
1009 2183 1089 2214 suffi-

352 2248 422 2270 cere
447 2243 597 2280 putantes
622 2237 685 2269 duo
710 2248 780 2275 ova,
798 2242 853 2269 aut
879 2236 963 2268 aliud
983 2236 1091 2278 aequi-

352 2293 459 2324 valens
477 2301 534 2334 pro
561 2290 710 2333 singulis,
739 2290 953 2332 prohibemus
979 2299 1090 2322 omnes

353 2344 532 2385 superfluos
559 2343 678 2375 abusus
713 2348 876 2386 tanlquam
908 2342 1035 2376 statutis
1061 2347 1092 2374 et

355 2396 520 2428 sobrietati
547 2397 772 2429 carthusianae
805 2396 972 2439 religionis
997 2406 1091 2438 repn-

356 2453 503 2490 gnantes.

400 2511 488 2534 xxnl.
515 2501 633 2534 Diebus
665 2502 853 2542 dominicis,
888 2507 941 2534 aut
976 2501 1091 2534 ultimo

357 2554 563 2588 continenter
589 2561 741 2597 sequente
769 2556 849 2587 sesto
876 2565 937 2597 qno
955 2554 1094 2587 comedi-

392 2617 420 2651 a)
440 2616 505 2644 Vide
526 2625 634 2644 sensum
655 2617 734 2644 huius
752 2617 824 2643 verbi
840 2617 908 2644 insra
928 2625 953 2645 n.
975 2624 1008 2644 xx
1024 2625 1047 2643 c.
1065 2624 1091 2643 x.

921 224 1100 249 BULLARIUM
1126 224 1276 248 ROMANUM

1122 275 1170 305 tur
1194 272 1226 304 in
1251 272 1434 313 refectorio,
1461 275 1536 315 post
1560 280 1694 304 coenam
1711 275 1744 303 et
1766 278 1859 313 pera·

1121 330 1186 358 ctas
1205 325 1235 357 in
1253 325 1389 358 ecclesia
1413 324 1540 367 gratias,
1556 331 1717 367 tamquam
1738 321 1859 356 Christi

1121 378 1259 411 mendici
1281 379 1320 411 ad
1341 377 1502 411 refectorii
1528 377 1647 410 ostium
1672 386 1771 419 panes
1796 375 1861 409 sin-

1122 432 1185 474 guli
1202 431 1388 474 recipimus,
1408 429 1472 464 eos¹
1491 430 1630 463 tradenti
1651 428 1858 468 inclinantes,

1123 491 1154 517 et
1172 485 1240 527 ipse
1266 484 1372 516 nobis.
1391 483 1482 522 Quod
1500 483 1526 516 si
1545 484 1577 516 in
1594 483 1657 515 iam
1675 482 1760 515 dicto
1777 482 1861 515 festu

1122 538 1280 570 ieiunium
1307 543 1475 577 occurrat,
1501 535 1656 580 postridie
1689 535 1729 569 ad
1760 535 1860 568 cellas

1123 591 1327 624 deseruntur.
1686 612 1707 627 ,

1166 655 1249 677 xxrv.
1277 644 1418 677 Absente
1454 647 1613 676 conventu
1647 641 1755 674 nullos
1786 640 1865 674 licet.

1123 697 1154 729 in
1180 697 1352 729 refectorio
1385 695 1558 728 admittere
1588 694 1627 727 ad
1651 692 1863 726 resectionem

1123 750 1326 783 sumendam.

1167 814 1236 837 xxv.
1265 803 1299 835 In
1324 802 1375 835 die
1396 801 1521 835 Coenae
1546 799 1674 833 Domini
1700 799 1740 832 ad
1765 798 1862 840 colla-

1125 857 1258 895 tionem,
1284 866 1367 899 quae
1393 855 1427 887 fit
1450 859 1522 898 post
1546 853 1729 886 mandatum
1754 852 1787 884 in
1812 862 1864 885 re-

1125 911 1272 951 fectorio,
1299 910 1381 942 nihil
1399 908 1532 941 omnino
1556 911 1686 950 praeter
1702 905 1812 938 vinum
1831 911 1865 938 et

1125 975 1239 1006 aquam
1264 962 1477 995 ministretur.
1503 960 1619 993 Nectar
1644 969 1787 1002 quoque,
1809 963 1867 991 aut.

1125 1017 1203 1049 alias
1223 1015 1383 1059 quaslibet
1400 1013 1524 1057 speeies
1540 1013 1617 1052 vini,
1634 1017 1667 1045 et
1683 1010 1867 1054 specierum

1125 1070 1359 1105 conlectiones,
1381 1068 1472 1100 nullo
1497 1076 1639 1109 unquam
1664 1070 1811 1108 tempore
1831 1063 1867 1096 in

1125 1122 1298 1154 refectorio
1324 1120 1554 1153 ministramus.

1169 1186 1252 1208 xxvl.
1281 1174 1430 1206 Alienum
1460 1182 1593 1215 prorsus
1618 1177 1669 1204 est
1693 1181 1711 1203 a
1735 1169 1866 1203 carthu-

1126 1229 1215 1261 siana
1241 1227 1417 1261 sobrietate
1451 1231 1482 1258 et
1515 1224 1698 1258 voluntaria
1726 1233 1866 1267 pauper-

1128 1288 1190 1315 tate
1216 1283 1255 1315 de
1282 1280 1473 1314 victualibus
1494 1288 1709 1316 murmurare,
1730 1276 1866 1310 maxime

1127 1346 1232 1368 coram
1265 1339 1439 1368 conventu.
1467 1333 1644 1375 Propterea
1669 1331 1867 1374 quicumque

1126 1389 1158 1421 id
1185 1389 1288 1421 faeere
1314 1385 1582 1431 praesumpserit,
1608 1384 1753 1428 privetur
1777 1384 1814 1415 ea
1832 1392 1866 1415 re

1126 1453 1183 1485 pro
1209 1453 1273 1485 qua
1298 1439 1558 1473 murnmraverit.
1585 1437 1654 1470 Non
1673 1442 1781 1470 tamen
1807 1446 1865 1479 pro

1127 1497 1188 1528 hoc
1206 1495 1383 1538 probibere
1404 1493 1615 1531 intendimus,
1633 1491 1710 1534 quin
1730 1489 1868 1534 quilibet

1127 1558 1198 1580 suas
1217 1547 1427 1579 necessitates
1441 1544 1602 1588 superiori
1616 1553 1778 1587 exponere
1796 1552 1868 1585 pos-

1128 1653 1183 1685 sed
1206 1654 1354 1685 volumus
1373 1650 1598 1694 praesidentes
1619 1649 1788 1681 domorum
1806 1646 1867 1680 sibi

1128 1760 1178 1792 nis
1196 1759 1393 1792 sufficienter
1410 1757 1591 1801 providere,
1603 1762 1635 1789 et
1652 1754 1867 1788 nihilominus

1107 1851 1108 1858 ἶ
1129 1814 1229 1845 malas
1251 1811 1504 1844 consuetudines
1528 1814 1641 1842 contra
1658 1807 1867 1841 sobrietatem

347 1879 364 1900 a
382 1867 457 1900 vino
473 1866 637 1899 abstinere
659 1871 843 1898 teneantur.
858 1864 1086 1897 Verumtamen
1107 1873 1108 1914 3

1130 1872 1161 1899 et
1185 1864 1387 1898 attritionem
1413 1863 1516 1896 nostri
1534 1860 1693 1905 propositi
1717 1859 1867 1893 salutaris

1130 1919 1161 1952 in
1196 1918 1376 1951 animarum
1414 1915 1619 1959 dispendium
1657 1914 1743 1947 circa
1777 1912 1867 1946 cibos

1130 1973 1310 2015 superfluos
1336 1979 1367 2003 et
1392 1969 1544 2002 lautiores
1579 1967 1666 2001 omni
1698 1977 1771 1999 cum
1797 1965 1870 1999 dili-

1131 2026 1238 2067 ¹nentia
1264 2024 1438 2057 efficaciter
1464 2023 1671 2066 propulsare.
1697 2021 1870 2054 Hortamur

1864 220 1916 252 Ltn.
1932 218 1960 246 C.
1979 219 2046 248 1688
2080 255 2082 257 ‚

1131 2085 1236 2111 antem
1260 2084 1291 2111 et
1316 2078 1525 2110 obsecramus
1550 2075 1693 2108 subditos
1709 2084 1820 2107 omnes
1837 2073 1875 2106 in-

1131 2132 1266 2164 Domino
1286 2141 1345 2174 pro
1367 2133 1423 2163 sua
1445 2130 1547 2162 salute
1565 2134 1597 2161 et
1621 2128 1717 2161 totius
1742 2126 1870 2161 Ordinis

1133 2185 1267 2223 bonore,
1287 2189 1320 2215 ut
1341 2194 1411 2215 cum
1437 2182 1525 2215 omni
1551 2180 1733 2214 humilitate
1749 2207 1757 2221 ,
1780 2190 1871 2213 man-

1133 2237 1305 2269 suetudine
1332 2241 1363 2268 et
1387 2235 1543 2278 patientia
1561 2234 1591 2266 in
1611 2234 1674 2266 hoc
1697 2233 1761 2266 suis
1782 2243 1872 2276 prae-

1134 2290 1205 2323 latis
1222 2290 1457 2332 obtemperent,
1478 2299 1536 2321 nec
1558 2287 1632 2320 inde
1657 2291 1870 2327 murmurent,

1134 2349 1188 2375 aut
1212 2344 1374 2387 praelatos
1400 2353 1474 2374 suos
1508 2340 1711 2383 aliquatenus
1747 2339 1872 2382 inquie-

1135 2402 1214 2436 tent,
1243 2396 1266 2427 si
1292 2395 1431 2428 divinam
1455 2399 1486 2427 et
1502 2393 1630 2427 Ordinis
1650 2392 1812 2426 voluerint
1827 2392 1873 2425 ul-

1137 2449 1254 2481 tionem
1282 2449 1429 2481 evadere.

1180 2513 1200 2534 l.
1217 2502 1373 2541 Secunda,
1389 2503 1501 2544 quarta
1515 2506 1546 2533 et
1559 2502 1648 2533 sexta
1665 2499 1756 2540 seria,
1769 2510 1807 2533 ex
1821 2509 1874 2533 an-

1136 2554 1224 2597 tiqua
1234 2553 1480 2593 consuetudine,
1494 2564 1577 2597 pane
1592 2558 1624 2586 et
1637 2554 1737 2596 acqua
1747 2557 1779 2586 et
1794 2553 1871 2594 sale,

1174 2617 1182 2643 1
1208 2615 1308 2644 Forsan
1327 2624 1378 2643 nos
1398 2624 1446 2651 pro
1465 2624 1510 2643 eos
1529 2615 1673 2651 legendum
1692 2615 1729 2652 (a.
1746 2614 1794 2650 T.).

1921 2502 1990 2523 citur
2003 2500 2029 2522 Χ.

1894 2529 1940 2560 ΑΒο
1958 2529 2064 2559 abstinen-

1884 2558 1914 2578 ιιίι
1929 2558 1950 2578 et.
1964 2559 2051 2576 ictumo.
