2111 3157
0 174 39 201 ln.
56 172 83 201 C.
107 174 175 202 1677

18 1654 135 1675 moratum.

764 181 975 205 INNOCENTIUS
998 184 1027 206 xi
1052 184 1100 207 rr.
1606 178 1622 210 Δ
1634 178 1642 210 1

184 227 291 266 [egros
316 223 447 257 effeetus
481 226 587 258 sortiri
619 231 650 259 et
681 226 851 268 obtinere,
883 239 918 261 ac

184 276 247 309 illis
263 303 270 316 ,
308 277 346 309 ad
371 287 453 320 quos
478 284 603 320 spectat
634 286 664 312 et
688 290 747 322 pro
769 285 917 323 tempore

183 328 350 371 spectabit,
370 329 400 361 in
423 330 571 363 omnibus
597 335 629 363 et
646 342 704 374 per
722 332 829 364 omnia
853 333 919 375 ple-

182 380 315 413 nissime
341 380 530 424 sull'ragari,
557 383 668 425 sicque
685 383 716 415 in
734 383 917 426 praemissis

183 443 242 476 per
267 444 487 476 quoscumque
517 435 640 468 iudices
675 436 856 468 ordinarios
887 440 918 468 et

183 485 360 528 delegatos,
385 487 481 519 etiam
507 497 677 519 causarum
704 488 813 530 palatii
839 498 916 530 apo-

183 538 288 570 stolici
314 538 486 577 auditores,
501 538 632 571 iudicari
654 544 685 571 et
709 539 836 571 definiri
862 540 917 572 de-

182 590 270 629 bere,
289 600 324 622 ac
341 590 464 622 irritum
483 596 514 624 et
538 591 633 623 inane
652 592 676 623 si
701 602 791 624 secus
818 602 917 634 super

182 642 233 675 his
248 652 265 674 a
281 652 454 685 quoquam,
475 644 584 686 quavis
602 644 801 683 auctoritate,
818 645 916 677 scien-

181 700 230 727 ter
246 696 294 727 vel
312 695 510 736 ignoranter,
530 696 704 738 eontigerit
720 697 882 728 attentari.

225 747 240 790 ἓ
260 747 289 780 5.
314 746 383 780 Non
410 748 612 780 obstantibus
630 749 915 781 constitutionibus

182 805 214 832 et
230 799 489 832 ordinationibus
511 801 707 842 apostolicis
735 801 915 844 ceterisque

182 852 352 886 contrariis
377 853 646 896 quibuscumque.

226 904 338 937 Datum
363 905 494 945 Romae,
531 906 614 948 apud
639 905 670 938 S.
694 905 832 945 Petrum,
858 905 916 937 sub

183 958 302 990 annulo
341 957 532 998 piscatoris,
569 959 620 991 die
658 969 722 992 xxii
761 958 915 991 februarii

182 1018 361 1050 MDCLxva,
387 1010 592 1053 pontificatus
618 1011 718 1043 nostri
743 1020 828 1043 anno
851 1020 874 1043 1.

217 1071 276 1098 Dat.
294 1071 339 1098 die
359 1071 393 1098 22
412 1071 542 1098 februarii
561 1071 637 1105 ¹677,
659 1072 759 1106 pontif.
780 1080 826 1098 an.
848 1079 867 1099 1.

524 1196 586 1228 XV.

182 1265 284 1298 Iustis
297 1266 410 1308 poenis
425 1266 648 1298 subiiciantur
660 1270 834 1309 utcumque
846 1275 917 1297 snr-

226 1318 393 1361 ripientes,
419 1318 509 1361 apud
532 1329 563 1351 se
586 1319 759 1351 retinentes
795 1324 822 1351 et
849 1318 916 1350 alio

228 1372 452 1414 transferentes
483 1372 622 1404 hostiam
645 1372 696 1404 vel
716 1371 917 1415 particulam

227 1428 440 1457 consecratam
455 1423 476 1457 ¹.

353 1494 549 1522 Innocentius
569 1494 740 1529 episcopus,

367 1547 473 1567 servus
493 1547 645 1567 servorum
664 1540 726 1572 Dei,

302 1584 339 1611 ad
364 1587 537 1618 perpetuam
556 1585 600 1612 rei
620 1583 798 1612 memoriam.

229 1646 275 1679 Ad
300 1646 401 1679 nostri
430 1646 630 1689 apostolatus
660 1645 802 1679 auditum
828 1646 917 1678 dete—

183 1699 296 1732 standa
331 1699 544 1742 quorumdam
568 1699 746 1742 iniquitatis
777 1699 916 1731 filiorum

184 1751 331 1795 pervenit
355 1752 495 1791 audacia,
523 1752 593 1795 qui,
619 1752 722 1784 omnis
742 1751 917 1794 impietatis

184 1804 340 1837 terminos
364 1804 582 1847 supergressi,
607 1814 719 1837 manus
744 1803 916 1845 sacrilegas

184 1867 224 1890 ne
249 1867 266 1889 a
290 1856 421 1900 quidem
446 1856 562 1889 Sancto
587 1856 777 1889 Sanctorum
803 1858 916 1899 (augu-

183 1910 325 1943 stissimo
350 1910 475 1943 scilicet
491 1910 709 1943 Eucharistiae
735 1920 916 1943 sacramen-

183 1969 225 2003 to,
253 1963 338 2007 quod
364 1963 557 1996 transiturus
586 1963 624 1996 de
646 1963 709 1996 hoc
733 1964 852 1996 mundo
876 1964 915 1996 ad

183 2016 311 2049 Patrem
331 2015 476 2048 Salvator
499 2021 531 2048 et
557 2016 710 2049 Dominus
736 2021 847 2049 noster
871 2016 916 2048 Ie-

183 2079 236 2102 sus
256 2068 410 2108 Christus,
429 2069 461 2101 in
482 2069 669 2101 memoriam
686 2069 810 2102 cruenti
827 2068 914 2101 illius

184 2121 331 2154 sacrificii
357 2131 420 2163 quo
444 2131 477 2153 se
505 2121 608 2163 ipsum
627 2131 684 2164 pro
703 2121 832 2163 generis
857 2122 916 2153 hu-

184 2175 270 2207 mani
288 2173 513 2215 redemptione
531 2173 562 2205 in
582 2176 635 2205 ara
655 2174 759 2206 crucis
776 2174 840 2206 Deo
859 2174 915 2206 Pa-

185 2226 224 2258 tri
251 2225 440 2264 immolavit,
477 2225 629 2257 ineffabili
666 2226 763 2258 divini
799 2227 916 2258 amoris

186 2277 233 2310 sui
259 2278 406 2319 largitate
431 2287 547 2320 eorpus
572 2288 666 2310 suum
698 2278 730 2310 in
755 2279 861 2311 cibum
886 2283 917 2310 et

185 2330 376 2372 sanguinem
408 2330 439 2362 in
475 2334 584 2373 potum
620 2330 712 2363 nobis
746 2330 916 2364 tribuendo

185 2382 343 2425 instituit)
369 2382 536 2415 continere
572 2383 651 2414 tanti
688 2388 817 2426 tamque
853 2389 917 2417 tre-

185 2434 292 2467 mendi
311 2435 482 2468 tormidine
500 2435 643 2478 mysterii
661 2437 913 2479 compelluntur.

222 2506 232 2531 l
255 2504 328 2531 Hanc
347 2505 483 2531 constitut.
503 2505 670 2532 contii-mavit
685 2505 834 2533 Alexander
849 2506 916 2538 VIII,

185 2549 229 2577 die
243 2555 307 2576 xxiii
327 2549 481 2576 decembris
501 2556 664 2577 unctxxxix.

289 2603 367 2631 Ball.
389 2602 471 2630 Rom.
492 2618 525 2622 —
550 2604 606 2632 Vol.
628 2603 703 2631 XIX.
846 2604 863 2632 6

1693 186 1741 212 An⁴
1759 186 1786 212 C.
1814 186 1878 213 §677

1003 231 1017 273 ξ
1042 231 1072 263 l.
1098 230 1264 273 Quocirca,
1286 233 1323 266 ad
1344 234 1581 277 reprimendam
1608 235 1689 267 eius·
1725 247 1877 271 stammam,

959 283 1046 315 modi
1064 283 1271 326 impietatem,
1287 297 1367 328 quae
1386 287 1526 318 animum
1544 292 1687 320 nostrum
1699 275 1830 324 {fils-'ffss'ss'fiig
1845 276 1880 327 »iffi

959 334 1027 376 ipsa
1051 335 1098 366 sui
1124 336 1322 370 immanitate
1343 338 1520 377 confundit,
1534 339 1566 370 in
1584 325 1881 383 nomi-21:533,{Tyltss‘lf't‘ssl

959 396 998 418 ne
1020 386 1162 420 eiusdem
1187 389 1311 422 Domini
1342 391 1443 423 nostri
1474 390 1542 423 lesu
1572 377 1877 424 cinisii53¹¹1215l2'1'512l't'2'

959 445 1161 481 exurgentes,
1187 447 1274 474 motu
1302 443 1447 486 proprio,
1476 453 1538 476 non
1569 444 1607 475 ad
1634 445 1690 476 ali-

959 490 1048 522 cuius
1072 502 1168 534 super
1196 494 1257 526 hoc
1287 496 1413 528 oblatae
1445 495 1610 539 petitionis
1641 496 1690 528 in-

959 543 1116 583 stantiam,
1142 545 1197 577 sed
1223 556 1259 578 ex
1285 550 1370 579 mera
1394 548 1530 581 scientia
1554 554 1582 581 et
1609 549 1689 581 deli-

959 594 1126 629 beratione
1166 599 1304 639 nostris,
1342 601 1447 643 deque
1493 601 1688 644 apostolicae

958 648 1124 688 potestatis
1135 650 1346 692 plenitudine,
1358 662 1392 683 ac
1407 653 1445 684 de
1458 652 1688 685 venerabilium

960 699 1091 732 fratrum
1113 706 1292 735 nostrorum
1317 702 1345 735 S.
1368 704 1403 736 R.
1423 704 1457 736 E.
1477 704 1688 737 cardinalium

958 750 989 782 in
1025 754 1089 784 tota
1124 754 1290 796 republica
1328 755 1502 788 christiana
1540 757 1690 790 adversus
1721 754 1723 757 ’

959 804 1154 838 haereticam
1189 808 1376 850 pravitatem
1413 810 1611 851 generalium
1642 810 1690 842 in-

960 857 1151 899 quisitorum
1190 871 1207 892 a
1249 864 1358 893 sancta
1390 862 1472 894 Sede
1505 862 1690 905 Apostolira

960 911 1156 952 generaliter
1191 913 1417 956 deputatorum
1452 916 1598 954 consilio,
1631 917 1691 948 liae

959 965 1069 995 nostra
1097 970 1256 1008 perpetuo
1288 966 1423 999 valitura
1451 968 1689 1007 constitutione,

959 1016 1147 1049 auctoritate
1173 1019 1349 1060 apostolica
1378 1021 1545 1053 statuimus
1575 1026 1606 1053 et
1637 1022 1692 1053 de-

959 1068 1133 1109 cernimus,
1159 1075 1192 1101 ut
1216 1070 1369 1114 deinceps
1390 1083 1502 1105 omnes
1520 1078 1552 1106 et
1571 1073 1690 1115 singuli

959 1121 1125 1164 utriusque
1145 1133 1257 1163 sexus,
1295 1124 1348 1167 qui
1374 1125 1413 1158 de
1450 1126 1533 1158 furto
1565 1126 1691 1159 hostIae

959 1180 1174 1216 consecratae,
1197 1176 1263 1210 sive
1283 1177 1376 1210 unius
1394 1178 1442 1211 vel
1460 1179 1601 1222 plurium
1619 1190 1692 1222 par-

959 1226 1129 1261 ticularum
1149 1235 1419 1270 consecratarum,
1437 1241 1510 1263 cum
1532 1233 1621 1264 saera
1639 1243 1692 1275 py-

959 1278 1030 1312 xide
1051 1282 1099 1313 vel
1125 1282 1191 1315 sine
1217 1281 1282 1322 ill-a,
1307 1293 1365 1325 per
1388 1283 1532 1326 legitima
1557 1283 1690 1316 iudici-„1¹

959 1333 1174 1375 iudicialiter,
1207 1335 1293 1368 iuxta
1317 1335 1347 1368 S.
1374 1336 1475 1368 Officii
1508 1336 1693 1379 Inquisitio-

959 1380 1008 1418 n'is
1044 1391 1156 1419 contra
1189 1387 1384 1421 haereticam
1414 1388 1605 1431 pravitatem
1640 1399 1694 1421 au-

960 1439 1108 1472 ctoritate
1133 1440 1308 1482 apostolica
1339 1441 1475 1472 instituti
1507 1442 1636 1483 regulas
1662 1446 1694 1474 et

960 1492 1104 1533 praxim,
1130 1492 1267 1525 confessi
1299 1497 1352 1524 aut
1387 1492 1522 1525 convicti
1551 1493 1689 1534 suerint,

961 1543 1055 1586 quive
1073 1545 1204 1587 propria
1221 1544 1343 1577 malitia
1359 1546 1407 1577 vel
1427 1546 1465 1577 (le
1487 1545 1620 1577 alterius
1641 1556 1692 1578 or-

960 1596 1033 1628 dine
1058 1607 1113 1628 seu
1139 1597 1289 1629 mandato
1323 1597 1475 1637 hostiam,
1501 1597 1565 1630 sive
1598 1608 1692 1629 unam

960 1649 1009 1681 vel
1028 1650 1136 1691 plures
1153 1649 1327 1691 particulas
1352 1655 1555 1682 consecratas
1568 1650 1692 1692 praedi-

960 1706 1025 1733 ctas
1043 1701 1128 1743 apud
1154 1711 1187 1733 se
1211 1701 1411 1740 retinuerint,
1434 1702 1482 1734 vel
1507 1702 1570 1734 alio
1593 1706 1692 1733 trans-

960 1753 1042 1785 ferre
1061 1763 1116 1785 seu
1135 1759 1299 1796 asportare
1317 1754 1603 1796 praesumpserint,
1622 1763 1691 1785 con-

959 1805 1065 1847 dignis
1089 1805 1200 1848 poenis
1226 1809 1257 1837 et
1277 1805 1606 1837 animadversionibus
1633 1815 1690 1847 pro

960 1856 1109 1889 facinoris
1143 1856 1308 1889 atrocitate
1333 1857 1530 1900 puniantur,
1557 1862 1605 1895 et,
1630 1857 1690 1888 nisi

958 1909 1138 1941 eonstiterit
1162 1919 1225 1941 non
1252 1908 1351 1941 fuisse
1376 1909 1414 1941 ad
1440 1909 1558 1941 malurn
1583 1907 1688 1947 finem,

959 1962 1053 1994 etiam
1079 1972 1139 2005 pro
1166 1962 1268 2004 prima
1293 1961 1359 1994 vice
1393 1961 1498 1993 curiae
1531 1960 1689 1993 saeculari

959 2015 1134 2052 tradantur,
1159 2025 1224 2046 non
1258 2014 1404 2046 obstante
1435 2013 1552 2046 minori
1576 2017 1688 2052 aetate,

959 2067 1134 2100 dummodo
1159 2066 1347 2109 vigesimum
1372 2066 1531 2108 attingant
1560 2074 1688 2103 annum,

958 2120 1072 2163 quibus
1105 2119 1217 2162 poenis
1248 2118 1344 2152 etiam
1373 2118 1559 2151 mandantes
1583 2116 1689 2149 subia-

958 2178 1059 2206 ceant.

1001 2227 1015 2269 ἓ
1040 2225 1071 2257 ⁶2.
1104 2225 1204 2258 Porro
1229 2223 1445 2256 omnimodam
1469 2222 1880 2274 cognitionemanonumeausae

1720 2254 1725 2273 l
1749 2256 1771 2275 δ.
1793 2255 1881 2281 Ιιιᾳυιεκ

958 2288 1121 2312 causarum
1147 2276 1221 2309 surti
1240 2277 1364 2308 hostiae
1384 2281 1600 2315 consecratae,
1625 2276 1880 2333 siveprviqgssgfficssg

958 2332 1053 2364 unius
1076 2331 1126 2363 vel
1150 2329 1292 2372 plurium
1317 2328 1544 2371 particularum
1578 2335 1762 2361 conse-etant·

959 2389 1118 2417 cratarum
1154 2381 1347 2420 huiusmodi,
1384 2391 1455 2413 cum
1491 2380 1605 2423 pyxide
1638 2382 1688 2414 vel

958 2437 1026 2469 sine
1050 2436 1114 2475 illa,
1139 2439 1302 2477 tamquam
1327 2433 1436 2466 delicti
1459 2432 1620 2465 haeresim
1638 2433 1687 2465 vel

958 2489 1182 2523 vehementem
1208 2485 1351 2519 haeresis
1375 2484 1594 2528 suspicionem
1613 2494 1687 2517 con-

994 2552 1004 2576 ¹
1028 2548 1127 2576 Forsan
1146 2547 1260 2575 indicia
1278 2546 1376 2581 (n.r.).
