2111 3157
13 205 63 234 Aet.
83 204 112 232 C.
134 201 201 232 1679

783 199 994 225 INNOCENTlUS
1013 201 1045 226 xt
1069 201 1118 226 PP.

203 252 288 287 dinis
324 251 409 296 apud
433 260 493 285 nos
518 255 550 284 et
572 249 688 284 Sedem
713 248 934 293 Apostolicam

203 311 443 350 protectorem,
468 304 642 337 transmitti
666 303 932 341 mandassemus,

204 369 286 402 quae
310 369 328 391 a
352 358 492 401 capitulo
529 357 675 399 generali
707 356 854 389 eiusdem
878 354 936 388 Or-

204 412 288 445 dinis
307 411 481 445 novissime
499 410 662 443 celebrato
679 408 749 441 sieri
767 408 933 447 deberent,

204 465 361 508 ipsaeque
391 462 614 496 ordinationes
645 461 696 494 die
727 460 934 504 praecedenti

205 517 399 550 electionem
424 515 499 547 novi
523 513 668 556 magistri
693 513 855 555 generalis
879 512 936 545 Or-

206 569 289 602 dinis
313 567 447 611 praesati
471 577 579 600 coram
594 566 742 598 omnibus
759 565 937 598 delinitori-

205 623 276 660 bus,
299 621 338 653 de
362 620 513 653 mandato
539 623 570 651 et
593 618 625 650 in
649 618 835 660 praesentia
860 618 935 650 dicti

205 674 319 707 Palutii
343 678 375 706 et
397 671 593 716 protectoris
629 669 760 704 nomine
792 675 824 702 et
847 670 935 702 iussu

205 731 316 759 nostro
337 726 369 757 in
390 725 517 768 publico
537 723 722 756 definitorio
738 724 860 761 lectae,
878 722 937 754 ibi-

205 789 266 821 que
301 778 341 810 ab
370 776 517 809 omnibus
548 775 694 808 eiusdem
719 774 850 817 capituli
875 783 935 816 ge-

205 830 326 863 neralis
351 829 516 862 vocalibus
548 838 621 860 cum
658 827 774 860 humili
808 826 936 859 illarum

206 881 430 915 observantiae
462 879 666 923 professione
697 884 882 922 acceptatae
907 883 938 910 et

205 940 344 966 statutae
367 934 521 972 fuissent·,
541 937 572 964 et
588 931 755 975 postridie,
773 931 877 963 statim
895 932 938 963 sa-

205 989 254 1018 cta
280 986 440 1018 electione
466 985 574 1017 dilecti
592 984 648 1016 filii
666 983 813 1016 moderni
838 983 938 1025 magi-

205 1039 261 1071 stri
284 1037 446 1080 generalis
471 1037 548 1070 dicti
568 1037 707 1077 Ordinis,
726 1036 812 1069 idem
836 1046 938 1068 novus

205 1092 359 1133 magister
391 1090 562 1133 generalis,
586 1095 759 1132 antequam
781 1088 815 1120 in
839 1089 940 1121 eccle-

206 1144 286 1176 siam
319 1144 358 1176 ad
388 1143 611 1185 recipiendum
636 1152 653 1174 a
682 1141 833 1174 fratribus
861 1142 939 1173 obe-

206 1196 360 1228 dientiam
386 1194 609 1234 descenderet,
631 1194 717 1225 iuxta
741 1193 872 1225 easdem
890 1204 940 1225 or-

207 1247 401 1285 dinationes,
423 1247 552 1280 illarum
571 1246 806 1278 observantiam
830 1255 938 1277 coram

207 1304 275 1332 toto
299 1299 440 1342 capitulo
460 1297 672 1341 promisisset,
691 1308 727 1330 ac
743 1296 938 1339 promissio-

206 1362 279 1384 nem
316 1351 503 1383 huiusmodi
534 1350 665 1393 publico
700 1350 880 1382 iuramento
906 1349 937 1380 in

207 1403 352 1435 manibus
375 1403 510 1446 praefati
532 1402 647 1434 Palutii
672 1401 844 1434 cardinalis
868 1411 940 1443 pro-

208 1455 339 1487 tectoris
356 1461 387 1488 et
404 1455 535 1498 capituli
552 1454 768 1497 praesidentis
786 1454 938 1496 praestito

207 1507 451 1541 confirmasset:
478 1518 647 1540 recursum
683 1507 871 1539 habuerunt
900 1507 938 1539 ad

208 1572 267 1594 nos
293 1566 434 1603 quatuor
464 1561 609 1603 deputati
633 1570 651 1592 a
675 1560 814 1603 capitulo
845 1570 940 1602 gene-

207 1613 265 1645 rali
290 1613 480 1656 praedicto,
507 1612 600 1645 nobis
626 1612 794 1644 humiliter
817 1612 940 1654 suppli-

208 1670 328 1706 cantes,
353 1670 388 1697 ut
410 1665 618 1708 praeiudicia,
640 1675 721 1707 quae
746 1664 803 1696 toti
828 1662 938 1697 Ordini

207 1718 374 1760 praedicto
399 1728 436 1750 ex
461 1717 665 1750 observantia
695 1716 877 1759 aliquarum
903 1726 939 1748 ex

208 1770 301 1803 dictis
322 1770 580 1803 ordinationibus
597 1770 758 1802 nascitura
776 1779 940 1811 suppone-

206 1822 292 1861 bant,
310 1823 523 1865 perpendere,
542 1832 577 1854 ac
597 1822 737 1864 desuper
755 1826 938 1864 opportune

207 1876 378 1918 providere
405 1875 444 1908 de
468 1874 668 1916 benignitate
693 1874 872 1916 apostolica
893 1874 939 1906 di-

208 1938 391 1969 gnaremur.
418 1927 482 1960 Nos
507 1937 583 1960 vero
608 1927 677 1960 eius
709 1927 756 1959 rei
779 1927 940 1969 cognitio-

206 1990 281 2012 nem
313 1979 574 2013 demandavimus
609 1985 789 2012 memorato
814 1979 939 2012 Palutio

207 2032 364 2065 cardinali
396 2037 428 2064 et
451 2032 649 2074 protectori,
674 2031 740 2074 qui,
763 2031 881 2064 auditis
908 2037 940 2064 et

206 2089 331 2116 mature
348 2084 503 2117 discussis
525 2084 703 2116 rationibus
727 2094 786 2126 per
805 2085 938 2117 eosdem

209 2136 380 2178 deputatos
411 2142 474 2169 tam
504 2136 574 2168 viva
598 2146 675 2169 voce
700 2146 795 2179 quam
818 2136 939 2179 scripto

209 2189 361 2228 deductis,
380 2189 511 2222 easdem
536 2189 758 2223 ordinationes
777 2189 866 2222 iussu
884 2200 940 2222 no-

208 2247 276 2274 stro
301 2241 487 2274 moderatus
513 2246 581 2281 est,
615 2247 648 2274 et
669 2242 797 2284 redegit
819 2243 852 2275 in
878 2243 940 2275 sor-

208 2304 292 2327 mam
317 2295 437 2328 tenoris
461 2295 515 2337 qui
541 2295 696 2338 sequitur,
721 2295 890 2328 videlicet:

210 2367 400 2399 Ordinationes
419 2373 444 2398 et
461 2373 560 2398 statuta
574 2370 700 2408 facienda
715 2370 745 2398 in
761 2370 880 2409 capitulo
896 2380 941 2408 ye-

248 2417 339 2446 nerali
361 2414 474 2447 Ordinis
495 2417 718 2448 praedicatorum
738 2422 877 2456 antequam
895 2419 939 2447 de-

247 2465 375 2494 veniatur
395 2465 429 2494 ad
450 2465 605 2494 electionem
625 2466 750 2503 ηιαῃίείνὶ
768 2466 904 2503 generalis
925 2477 940 2495 a

248 2513 377 2549 mayz'stro
407 2513 511 2541 noviler
542 2513 623 2542 electo
655 2514 807 2542 iuramento
826 2516 940 2552 promit-

249 2559 328 2590 tenda
349 2569 440 2590 coram
460 2561 581 2598 capitulo
602 2561 755 2600 electorum,
770 2563 860 2591 statim
878 2566 939 2601 posl

1015 250 1181 289 electionem,
1208 255 1352 291 antequam
1373 252 1403 282 in
1424 252 1563 283 ecclesiam
1584 255 1620 284 ad
1639 255 1708 284 reci-

1013 299 1142 337 piendam
1163 299 1341 330 obedientiam
1361 302 1522 340 descendat,
1545 303 1670 341 idemque
1692 313 1708 332 a

1016 347 1211 377 successoribus
1237 349 1268 378 in
1289 349 1395 387 suturis
1425 349 1600 379 electionibus
1627 360 1710 390 prae—

1015 395 1159 424 standum:

1021 470 1043 493 1.
1070 460 1281 495 Statuendum
1305 468 1353 495 est
1382 463 1469 506 quod
1494 464 1711 497 observentur

978 513 1226 546 constitutiones
1251 516 1448 556 apostolicae
1465 512 1510 549 ‘ac
1534 516 1608 549 illae
1634 518 1711 550 reli-

978 564 1082 606 gionis
1108 576 1208 608 super
1224 568 1443 601 celebratione
1464 569 1595 612 capituli
1614 580 1712 612 gene-

979 617 1054 649 ralis
1075 618 1220 659 quolibet
1239 619 1392 659 triennio,
1413 631 1478 652 non
1499 627 1602 654 autem
1627 624 1710 654 ultra

979 668 1101 711 absque
1125 669 1256 702 licentia
1274 670 1393 703 Summi
1411 671 1590 713 Pontificis;
1609 675 1711 715 quod-

979 720 1092 761 quein
1109 719 1172 752 sine
1197 721 1369 754 cuiuslibet
1393 723 1524 764 capituli
1550 726 1710 766 generalis

979 776 1133 804 statuatur
1164 778 1289 815 tempus
1318 779 1350 806 et
1379 775 1469 807 locus
1493 776 1591 808 suturi
1617 778 1708 820 capi-

981 824 1049 857 tuli.
1716 838 1719 840 ’

1022 887 1056 911 Π.
1079 877 1118 911 Et
1141 879 1347 913 statuendum
1373 881 1458 923 quod
1483 882 1642 923 generalis
1672 888 1713 915 te-

979 936 1095 964 neatur
1118 933 1337 974 personaliter
1360 939 1393 967 et
1416 944 1476 977 per
1499 935 1640 977 seipsum
1658 946 1713 978 pe-

979 994 1110 1026 ragrare
1134 985 1314 1018 universam
1339 987 1508 1029 Europam,
1526 998 1562 1019 ac
1585 988 1712 1020 visitare

979 1036 1171 1079 religionem
1196 1038 1330 1081 eiusque
1355 1046 1546 1079 conventus,
1576 1041 1656 1072 itaut
1680 1041 1712 1073 id

980 1095 1131 1132 sequatur
1165 1091 1204 1123 de
1240 1091 1390 1124 omnibus
1426 1093 1639 1125 conventibus
1662 1094 1713 1126 vel

981 1150 1092 1174 eorum
1109 1143 1229 1176 maiore
1256 1150 1358 1186 parte,
1377 1155 1441 1177 non
1463 1151 1569 1178 autem
1588 1146 1627 1178 de
1648 1157 1714 1178 ma-

980 1194 1028 1236 gis
1041 1196 1224 1237 conspicuis
1237 1201 1372 1237 tantum,
1390 1198 1438 1230 vel
1456 1198 1488 1230 in
1506 1199 1584 1230 locis
1604 1199 1714 1231 transi-

982 1252 1031 1278 tus
1051 1257 1058 1285 ;
1086 1248 1239 1290 quodque
1261 1248 1292 1280 id
1326 1254 1398 1290 agat
1417 1260 1489 1282 cum
1514 1250 1625 1282 maiori
1645 1262 1714 1283 mo-

981 1299 1084 1331 destia
1115 1304 1147 1330 et
1177 1300 1376 1342 parsimonia
1395 1327 1402 1341 ,
1430 1312 1525 1344 quam
1559 1303 1715 1344 religiosa

981 1350 1147 1383 humilitas
1183 1351 1301 1393 exigit,
1328 1358 1391 1384 tarn
1428 1353 1511 1385 circa
1543 1364 1715 1386 numerum

981 1402 1142 1435 sociorum
1166 1404 1367 1447 aliorumque
1393 1406 1546 1438 comitum
1571 1412 1602 1438 et
1626 1406 1716 1438 sami-

981 1455 1119 1494 liarium,
1140 1460 1175 1487 ut
1198 1466 1264 1488 non
1289 1457 1460 1490 excedatur
1484 1468 1637 1490 numerus
1661 1468 1716 1490 sex

980 1508 1029 1539 vel
1057 1513 1149 1547 octo,
1179 1518 1275 1551 quam
1300 1509 1386 1542 circa
1417 1510 1535 1542 victum
1573 1510 1715 1552 aliasque

982 1570 1150 1602 expensas,
1168 1572 1208 1594 ne
1230 1567 1407 1595 conventus
1425 1562 1558 1595 nimium
1582 1573 1716 1604 graven-

981 1617 1050 1652 tur·,
1077 1612 1216 1655 ideoque
1242 1624 1354 1646 omnes
1372 1625 1530 1657 expensae
1556 1626 1621 1647 non
1643 1626 1717 1657 pos-

982 1664 1047 1696 sint
1082 1666 1239 1698 excedere
1272 1672 1361 1698 scuta
1396 1673 1534 1709 quatuor
1568 1668 1717 1709 quolibet

982 1717 1048 1757 die3
1075 1718 1225 1760 quodque
1250 1728 1340 1751 mora
1364 1719 1405 1751 sit
1428 1720 1561 1752 omnino
1586 1719 1714 1759 brevis,

981 1768 1043 1800 nisi
1062 1770 1224 1812 exaliqua
1249 1770 1330 1803 iusta
1354 1775 1461 1811 rausa,
1485 1783 1565 1815 quae
1587 1783 1717 1805 concer-

981 1826 1036 1853 nat
1059 1822 1274 1855 visitationem
1306 1829 1337 1856 et
1361 1825 1597 1858 correctionem
1631 1826 1716 1858 eius-

981 1874 1054 1906 dem
1080 1881 1272 1915 conventus,
1297 1880 1328 1909 et
1352 1887 1416 1909 non
1442 1877 1539 1917 alias,
1566 1882 1597 1910 ct
1622 1878 1651 1909 ci
1672 1876 1716 1909 vi-

982 1927 1094 1959 deatur
1110 1928 1292 1960 necessaria
1312 1929 1383 1962 talis
1399 1940 1496 1970 mora,
1516 1940 1614 1973 super
1632 1940 1715 1972 quae

981 1980 1048 2012 eius
1066 1980 1265 2013 conscientia
1281 1982 1418 2023 graviter
1435 1988 1569 2015 onerata
1586 1983 1638 2014 sit.
1659 1982 1718 2015 Ne-

982 2043 1043 2075 que
1067 2043 1164 2075 super
1189 2033 1250 2064 hac
1275 2033 1472 2075 obligatione
1492 2034 1642 2067 visitandi
1670 2045 1716 2066 ca-

981 2085 1117 2127 pitulum
1135 2086 1286 2127 generale
1312 2086 1501 2128 dispensare
1519 2088 1622 2119 valcat
1649 2088 1717 2119 abs-

982 2148 1044 2180 que
1069 2138 1247 2180 apostolica
1271 2139 1470 2172 auctoritate.

1025 2200 1074 2224 111.
1101 2190 1191 2229 Quod
1216 2191 1300 2224 circa
1325 2192 1442 2234 gradus
1464 2192 1640 2234 magisterii
1661 2193 1717 2226 de-

981 2242 1055 2276 beat
1072 2243 1205 2276 omnino
1225 2254 1352 2276 servare
1373 2243 1639 2278 Constitutionem
1658 2246 1717 2278 Bo-

982 2295 1090 2328 nisacii
1114 2296 1152 2327 IX
1168 2323 1175 2335 ,
1204 2306 1285 2339 quae
1310 2296 1423 2339 incipit
1447 2297 1586 2330 Dileclos
1609 2297 1716 2339 filios,

983 2349 1040 2380 sub
1074 2348 1181 2380 datum
1217 2348 1349 2385 Romae,
1373 2349 1457 2391 apud
1494 2349 1524 2382 S.
1559 2349 1731 2390 Petrum,'

982 2411 1000 2433 v
1020 2401 1174 2433 kalendas
1198 2400 1289 2440 maii,
1308 2401 1514 2443 pontificatus
1539 2411 1623 2434 anno
1648 2410 1716 2442 xm,

982 2463 1087 2495 neque
1112 2452 1159 2485 illi
1185 2453 1341 2495 derogare
1366 2454 1477 2494 valeat,
1503 2458 1564 2486 etc.

1026 2515 1069 2538 iv.
1097 2505 1186 2542 Quod
1211 2516 1274 2538 non
1291 2506 1392 2548 possit
1409 2508 1547 2539 alterare
1566 2517 1718 2550 praesen-

985 2558 1027 2590 tia
1051 2562 1180 2599 statuta,
1203 2559 1254 2591 vel
1273 2558 1350 2592 alias
1374 2559 1640 2601 constitutiones,
1665 2559 1717 2594 vel

1601 195 1662 230 2111
1711 207 1761 235 An.
1782 208 1811 236 c.
1831 209 1900 239 1679
