2111 3157
389 194 453 227 386

348 252 458 297 palatii
492 250 659 294 apostolici
686 248 870 285 auditores,
898 245 1034 278 iudicari
1056 250 1088 276 et

349 305 476 337 definiri
509 304 650 341 (1011010,
674 312 708 333 ac
728 300 854 332 irritum
882 304 914 331 et
938 298 1033 331 inane.
1061 297 1086 329 si

350 369 443 390 secus
461 367 560 400 super
578 356 628 387 liis
642 366 657 387 a
672 363 844 397 quoquam,
856 351 966 393 quavis
982 356 1089 382 aucto-

350 412 454 448 ritate,
471 410 612 441 scienter
630 408 678 439 vel
696 406 895 448 ignoranter,
913 402 1089 445 contigerit

351 463 513 496 attentari.

395 516 457 557 fili.
489 515 558 547 Non
590 513 797 545 obstantibus
817 509 1017 553 praemissis,
1051 519 1089 541 ac

342 567 635 607 ,constitutionibus
661 572 692 599 et
716 563 978 598 ordinationibus
1011 572 1090 604 apo-

351 621 484 658 stolicis,
498 629 626 652 necnon
648 617 750 651 dictae
764 614 1040 658 Congoegationis,
1058 625 1090 646 a-

351 674 442 706 liisve
464 672 640 716 quibusvis,
656 671 751 704 etiam
770 667 1089 706 iuramento,contir-

352 726 493 759 unitione
517 724 704 768 apostolica,
730 724 780 755 vel
806 722 916 765 quavis
940 721 1020 752 firm
1041 725 1089 751 :tte

353 780 414 812 alia
434 778 609 816 roboratis,
635 776 765 809 statutis
791 780 823 807 et
847 769 1092 806 consuetudini-

353 833 427 871 bus,
459 829 636 874 privilegiis
662 838 808 872 quoque,
838 826 971 859 indultis
990 825 1090 857 01111-

353 885 431 917 teris
455 883 639 926 apostolicis
663 882 694 913 in
720 880 915 913 contrarium
934 878 1092 922 praemis-

353 947 464 969 sorum
491 934 737 978 quomodolibet
762 931 941 972 concessis,
974 929 1091 963 confir-

354 990 448 1022 matis
481 994 512 1020 et
535 987 710 1026 innovatis;
737 985 855 1028 quibus
880 983 1031 1017 omnibus
1061 989 1093 1015 et

354 1042 501 1083 singulis,
535 1041 664 1072 illorum
701 1044 829 1071 tenores
864 1035 1092 1080 praesentibus

354 1104 414 1137 pro
443 1095 541 1135 plene
575 1097 606 1124 et
638 1090 837 1123 sufficienter
864 1088 1024 1131 expressis
1057 1098 1093 1120 ac

354 1147 393 1179 ad
418 1146 550 1177 verbum
576 1144 707 1176 insertis
733 1143 903 1181 habentes,
924 1141 989 1174 illis
1014 1140 1092 1173 alias

354 1199 387 1230 in
406 1207 465 1229 suo
483 1197 599 1230 robore
624 1194 855 1239 permansuris,
872 1194 911 1226 ad
936 1193 1093 1236 praemis-

355 1261 464 1283 sorum
498 1249 665 1288 effectum,
699 1249 761 1280 hac
795 1247 864 1280 vice
900 1246 1090 1287 dumtaxat,

356 1302 542 1345 specialiter
558 1307 590 1334 et
607 1311 763 1344 expresse
777 1300 990 1342 derogamus,
1007 1303 1094 1332 cete-

357 1357 470 1399 risque
495 1354 673 1387 contrariis
699 1353 975 1396 quibuscumque.

401 1408 470 1450 §5
499 1408 651 1440 Volumus
686 1411 794 1439 autem
836 1410 872 1437 ut
906 1405 1093 1438 earumdem

358 1461 578 1504 praesentium
596 1460 778 1492 litterarum
797 1458 1020 1501 transumptis,
1039 1469 1094 1491 seu

359 1513 524 1556 exemplis,
550 1512 647 1545 etiam
671 1510 851 1553 impressis,
876 1521 973 1543 manu
998 1510 1097 1543 alicu-

358 1568 406 1599 ius
430 1565 545 1598 notarii
570 1564 694 1608 publici
714 1563 917 1606 subscriptis,
939 1568 969 1596 et
988 1562 1095 1606 sigillo

358 1629 517 1662 personae
542 1618 574 1649 111
596 1616 817 1650 ecclesiastica
839 1615 995 1658 dignitate
1022 1626 1098 1648 con-

360 1671 490 1703 stitutae
522 1669 665 1709 munitis,
702 1669 815 1701 eadem
846 1678 981 1711 prorsus
1018 1668 1097 1701 fides

361 1729 425 1755 tam
450 1723 483 1755 in
508 1721 628 1755 iudicio
671 1732 769 1764 quam
804 1726 893 1753 extra
922 1720 1003 1754 illud
1027 1721 1099 1753 ubi-

361 1787 423 1819 que
448 1777 596 1808 locorum
623 1774 792 1813 habeatur,
812 1773 989 1816 quaeipsis
1010 1783 1099 1816 prae-

363 1828 508 1861 sentibus
541 1827 719 1859 haberetur
744 1825 769 1858 si
793 1825 900 1859 forent
933 1825 1097 1858 exhibitae

361 1882 410 1913 vel
435 1886 598 1913 ostensae.

406 1933 520 1965 Datum
545 1932 674 1972 Romae,
699 1932 784 1974 apud
809 1931 841 1964 S.
866 1931 1014 1971 Petrum,
1039 1931 1099 1964 sub

363 1987 485 2018 annulo
498 1985 737 2024 Piscat01·is‚die
750 1995 769 2018 x
781 1984 918 2017 ianuarii
931 1993 1099 2025 MDCLxxxi,

365 2038 570 2082 pontificatus
594 2037 698 2071 nostri
723 2048 808 2070 anno
833 2048 864 2070 v.

157 204 207 231 An.
226 204 256 231 C.
277 203 338 231 1681

226 528 340 551 [Ἔρως-’1110

157 558 237 575 contra·
245 562 269 574 nu
277 562 317 574 11111.

204 1418 265 1437 Fut-2<
290 1419 346 1437 tran·

165 1450 252 1470 sumptu:
259 1451 299 1464 11111.

402 2100 459 2127 Dat.
477 2099 519 2127 die
535 2100 569 2127 10
583 2099 698 2127 ianuarii
721 2100 798 2132 1681,
818 2099 914 2134 pontis.
934 2106 977 2126 an.
998 2106 1025 2126 v.

665 2223 793 2258 XCVIII.

371 2301 614 2343 Confirmcmtur
651 2301 813 2344 quaedam
858 2300 1103 2334 constitutiones

414 2354 645 2386 monachorum
685 2354 949 2397 Conyreqationis
984 2354 1104 2397 Hispa-

414 2407 549 2439 niarum
574 2406 705 2439 Ordinis
729 2407 834 2440 sancti
858 2407 1051 2440 Benedicw.

409 2486 419 2511 1
444 2484 601 2512 uniusmodi
627 2485 854 2513 constititutiones
873 2485 1017 2513 immutant
1035 2486 1105 2512 anti-

373 2537 451 2563 quas,
472 2536 540 2563 quae
560 2528 641 2555 etiam
661 2532 741 2556 antea
759 2529 860 2564 pluries
878 2529 1036 2557 immutatae
1049 2530 1106 2557 fue-

357 2574 500 2617 ἱ1·11111((31’·.
514 2573 683 2599 documenta
694 2581 768 2608 quae
780 2576 878 2609 postea
889 2575 1017 2602 citantur
1027 2575 1104 2610 (11.1).

934 196 1113 221 anmmru
1137 196 1288 220 ROMANUM

1877 195 1925 222 An.
1947 195 1975 223 C.
1993 195 2058 225 1681

1319 244 1514 271 Innocentius
1535 245 1612 277 Papa
1632 245 1679 277 XI,

1272 288 1307 314 ad
1328 289 1460 315 futuram
1481 288 1524 315 rei
1545 289 1725 316 memoriam.

1173 351 1187 393 ἓ
1208 350 1234 382 l.
1252 350 1376 392 Exponi
1395 350 1487 382 nobis
1502 360 1607 392 nuper
1624 350 1770 382 fecerunt
1789 350 1869 384 dilc-
1892 363 1906 382 Α
1919 362 2064 385 Pauiovtmn.

1130 402 1170 434 cti
1197 402 1254 434 filii
1279 403 1380 435 abbas
1395 402 1556 444 generalis
1572 407 1603 434 et
1619 403 1769 435 monachi
1788 403 1869 435 Con-
1879 390 2064 437 giiiiffiiieaiwissf

1861 456 1867 461 .
1879 446 1950 463 centes
1961 445 2063 463 consutu-

1131 455 1330 497 grcgationis
1355 455 1583 498 Hispaniarum
1615 455 1744 488 Ordinis
1770 463 1947 489 sanctinum
1970 475 1983 489 a
2006 470 2063 494 cam-

1131 507 1310 546 Benedicti,
1335 508 1421 550 quod
1437 507 1564 545 dudum,
1583 508 1735 540 videlicet
1753 508 1804 540 die
1816 496 1957 543 x1x2¹5¹320.
1970 496 2063 521 smmum

1132 561 1431 600 decembrismncxl,
1446 562 1623 594 nonnullae
1639 566 1787 594 recentes
1799 571 1870 594 con-

1132 613 1329 653 stitutiones,
1341 624 1434 656 quae,
1446 614 1576 656 praevia
1591 613 1801 655 derogatione
1816 625 1871 646 an-

1132 667 1304 709 tiquarum,
1324 677 1361 698 ex
1379 666 1607 698 commissione
1625 666 1771 699 eiusdem
1789 665 1871 699 Con-

1133 718 1331 762 grcgationis
1366 719 1398 751 in
1431 719 1573 762 capitulo
1606 719 1755 761 generali
1786 730 1871 752 anno

1133 771 1343 815 praecedenti
1369 782 1454 805 111)οΧ
1478 772 1510 804 111
1536 772 1735 805 monasterio
1763 772 1794 805 S.
1815 773 1872 805 Fa-

1133 825 1230 858 cundi
1249 825 1287 857 de
1304 824 1467 866 Sahagum
1485 825 1648 858 celebrato
1672 825 1785 865 sactae,
1805 826 1874 858 edi-

1134 883 1183 909 tae
1209 878 1347 917 fuerant,
1366 888 1382 909 a
1400 876 1502 909 felicis
1520 877 1754 911 recordationis
1774 877 1872 911 Paulo

1134 930 1219 973 Papa
1241 930 1264 961 V
1288 930 1541 973 praedecessore
1564 934 1677 962 nostro
1701 941 1758 973 per
1780 941 1872 973 quas-

1134 983 1206 1015 dam
1232 993 1305 1016 suas
1330 983 1363 1015 in
1388 982 1484 1015 simili
1502 983 1604 1015 forma
1624 983 1733 1015 Brevis
1750 983 1872 1016 litteras

1134 1035 1283 1079 specifice
1316 1035 1524 1069 confirmatae
1549 1040 1646 1078 atque
1671 1036 1872 1078 approbatae

1135 1089 1276 1121 suerunt.
1287 1089 1412 1128 Verum,
1428 1089 1504 1132 quia
1521 1099 1582 1131 per
1598 1089 1793 1122 recolendae
1806 1100 1873 1122 me-
1909 1099 1987 1129 varus
2006 1099 2062 1120 doin-

1135 1142 1257 1174 moriae
1274 1142 1467 1184 Gregorium
1481 1142 1558 1181 XIII,
1576 1152 1607 1175 1v
1624 1141 1697 1174 idus
1707 1141 1870 1182 februarii,
1882 1125 2063 1173 ssiflssiutiiigssffln

1135 1205 1221 1228 anno
1249 1195 1485 1227 Incarnationis
1508 1194 1694 1227 Dominicae
1722 1205 1871 1236 MDLXXII,

1136 1253 1166 1280 et
1190 1247 1373 1280 successive
1398 1256 1457 1289 per
1480 1246 1646 1279 Urbanum
1665 1247 1739 1287 vlu,
1757 1247 1873 1280 Roma-

1136 1311 1194 1333 nos
1205 1299 1376 1333 Pontifices
1392 1300 1663 1342 praedecessores
1680 1300 1802 1343 pariter
1816 1310 1875 1333 no-

1137 1358 1240 1393 stros,
1266 1363 1303 1386 111
1334 1363 1436 1385 nonas
1455 1352 1523 1385 iulii
1553 1362 1711 1393 uncxxw,
1738 1363 1774 1386 ex
1799 1358 1873 1386 voto

1136 1405 1405 1448 Congregationis
1424 1410 1500 1437 tunc
1520 1405 1726 1437 existentium
1743 1405 1773 1438 S.
1786 1405 1871 1439 RE.

1138 1458 1352 1491 cardinalium
1370 1457 1510 1500 negotiis
1532 1463 1563 1490 ct
1580 1457 1873 1491 consultationibus

1139 1511 1368 1554 episcoporum
1389 1516 1419 1542 et
1442 1510 1640 1552 regularium
1657 1510 1872 1554 praepositae,

1140 1564 1260 1596 tributa
1285 1568 1317 1595 et
1350 1562 1531 1605 respective
1557 1563 1745 1596 contirmata
1774 1574 1811 1596 ac
1834 1564 1873 1597 dc

1139 1627 1223 1649 novo
1248 1626 1403 1649 concessa
1433 1616 1537 1648 suerat
1564 1615 1699 1648 facultas
1734 1615 1874 1659 capitulo

1141 1669 1285 1713 generali
1303 1669 1406 1702 dictae
1425 1668 1692 1711 Congregationis
1711 1668 1875 1712 Hispania-

1139 1733 1218 1762 rum,
1238 1722 1503 1765 quotiescumque
1525 1726 1706 1764 tcmporum
1724 1727 1876 1765 opportu-

1141 1775 1222 1808 nitas
1240 1780 1270 1807 et
1285 1785 1392 1807 rerum
1405 1773 1593 1807 vicissitudo
1608 1784 1781 1817 exposcere
1793 1774 1876 1808 vide-

1140 1833 1230 1861 retur
1253 1829 1304 1861 vel
1323 1826 1523 1870 experientia
1548 1827 1619 1870 ipsa
1643 1828 1878 1867 doceret,con-

1141 1880 1319 1913 stitutiones
1343 1879 1534 1923 capitulares
1561 1879 1759 1920 huiusmodi,
1780 1879 1877 1912 ctiam

1142 1944 1160 1965 a
1194 1932 1278 1965 Sede
1303 1932 1490 1975 Apostolica
1525 1931 1743 1972 confirmatas,
1762 1931 1878 1964 immu-

1144 1986 1231 2019 tandi
1263 1990 1295 2018 01
1326 1984 1523 2025 revocandi,
1550 1984 1694 2027 aliasque
1723 1984 1762 2017 de
1793 1994 1877 2018 novo

1144 2038 1280 2072 faciendi
1313 2048 1391 2081 quas
1421 2037 1523 2080 magis
1557 2046 1737 2079 congruere
1773 2036 1879 2070 eidem

1144 2092 1286 2135 capitulo
1319 2091 1502 2131 videretur,
1534 2094 1632 2133 prout
1665 2089 1699 2122 in
1733 2089 1880 2133 ipsorum

1144 2143 1290 2187 Gregorii
1315 2149 1346 2176 et
1370 2142 1490 2176 Urbani
1514 2142 1804 2186 praedecessorum
1829 2141 1881 2175 lit-

1145 2198 1222 2230 teris
1241 2198 1380 2240 desuper
1397 2196 1555 2239 expeditis
1569 2194 1687 2228 dicitur
1704 2194 1880 2228 contineri:

1144 2250 1226 2289 ideo,
1241 2249 1443 2282 inhaerendo
1462 2248 1604 2281 facultati
1621 2246 1821 2287 huiusmodi,
1832 2257 1883 2279 ca-

1144 2304 1283 2346 pitulum
1308 2302 1460 2345 generale
1485 2301 1630 2334 eiusdem
1655 2299 1884 2342 Congregatio-

1145 2356 1195 2388 nis
1215 2355 1441 2398 Hispaniarum
1459 2354 1634 2386 nonnullas
1652 2351 1799 2385 condidit
1811 2361 1884 2384 con-

1146 2408 1345 2447 stitutiones,
1371 2417 1431 2450 per
1456 2416 1534 2449 quas
1560 2405 1684 2448 aliquae
1711 2415 1748 2438 ex
1772 2414 1884 2447 supra-

1147 2461 1238 2494 dictis
1265 2472 1280 2493 a
1301 2461 1398 2494 Paulo
1415 2460 1668 2504 praedecessore
1685 2456 1884 2491 confirmatis

1146 2514 1436 2546 immutabanturet
1452 2511 1684 2551 alterabantur,
1699 2519 1777 2553 quas
1787 2509 1884 2543 etiam

1147 2566 1248 2599 dictus
1272 2565 1418 2598 Urbanus
1444 2563 1676 2608 praedecessor
1700 2562 1753 2595 die
1771 2571 1808 2595 111
1829 2561 1885 2594 de·-
