2111 3157
135 212 184 239 An.
203 211 232 239 G.
252 210 318 239 1679

176 2308 265 2329 Izi-litae
277 2306 333 2327 ordi-

150 2339 245 2355 nationes
261 2337 333 2353 vanus·

150 2365 233 2381 lit-intur
244 2363 264 2380 el
276 2366 333 2379 itinn-

151 2392 225 2407 »autur
240 2393 252 2407 a
263 2387 334 2407 Ponti-

151 2415 197 2434 tice.

364 202 428 235 212

328 265 396 292 acta
414 265 445 292 et
463 259 592 292 decreta
610 257 808 302 capitularia,
824 258 977 301 quodque
997 263 1065 289 acta

329 318 361 345 et
379 313 506 345 decreta
528 312 715 355 capitularia
743 311 884 343 debcant
908 309 1066 342 subscribi

329 365 367 397 ab
397 364 653 396 eminentissimo
676 369 861 406 protectore
881 368 912 395 et
930 373 946 394 a
964 362 1066 393 tribus

330 417 525 459 qualificatis
550 416 712 457 religiosis
732 426 748 447 a
765 415 905 458 capitulo
924 413 1065 456 generali

330 469 533 512 deputandis
553 475 648 511 atque
675 468 753 500 alias
779 478 843 500 non
869 467 1066 510 possintim-

329 521 425 564 primi
451 522 500 553 vel
527 520 707 562 publicari,
733 521 922 562 nullamque
951 519 1068 551 saciant

329 573 425 605 tidem
450 574 499 605 vel
525 573 627 604 robur
653 573 805 604 babeant.

331 633 524 664 Ordinationes
554 638 579 662 et
600 638 699 662 statuta
731 634 856 672 facienda
888 634 916 662 in
947 632 1087 671 capitula

368 682 489 718 penei-ali
512 681 624 711 Ordinis
646 682 869 711 Praedicatorum
889 685 949 720 post
970 690 1068 719 sequu—

369 734 423 759 tum
445 730 601 759 electionem
621 730 768 767 generalis.

381 796 393 813 a
408 783 574 824 Eligantur
588 788 725 825 quatuor
736 782 783 814 vel
799 792 852 813 sex
868 781 1010 822 religiosi
1030 791 1066 812 ex

333 836 533 867 doctioribus
559 841 589 867 et
617 834 874 878 provectioribus
899 833 1067 875 magisque

335 997 367 1023 et
394 992 638 1031 ordinationes,
665 1001 699 1023 ac
732 990 894 1022 referendi
929 989 1068 1032 capitulo

334 1044 478 1085 generali
508 1054 666 1087 quaenam
684 1043 813 1085 exigant
832 1042 1068 1074 correctionem

333 1097 382 1128 vel
420 1095 681 1128 emendationem
717 1095 781 1126 sive
816 1093 1090 1126 declarationem*

335 1154 362 1179 et
390 1148 483 1179 aliam
517 1147 738 1190 provisionem
776 1147 807 1178 in
838 1147 987 1178 omnibus
1021 1145 1069 1177 liis

335 1211 416 1243 quae
441 1205 641 1233 concernunt
665 1204 783 1231 statum
809 1204 840 1231 et
864 1198 1068 1231 commodum

334 1253 504 1294 religionis
537 1263 573 1285 ac
609 1252 847 1284 observantiam
874 1256 906 1283 et
929 1251 1071 1293 discipli-

335 1315 407 1337 nam
435 1306 632 1346 regularem.
660 1305 764 1346 Atque
790 1304 931 1345 desuper
949 1314 964 1334 a
982 1303 1070 1345 capi-

335 1359 403 1389 tulo
418 1362 575 1389 statuatur
590 1358 641 1398 (ad
654 1358 787 1389 sormam
803 1356 1071 1388 constitutionum

336 1411 457 1447 tamen)
483 1409 565 1441 utin
584 1415 753 1452 posterum
779 1419 891 1441 omnes
919 1409 1072 1440 tollantur

336 1462 523 1494 occasiones
557 1461 782 1504 quaestionum
819 1465 848 1493 et
892 1460 1068 1492 dubitatio--

337 1525 411 1546 num
430 1541 435 1553 ,
464 1520 495 1546 et
519 1514 710 1556 praesertim
735 1513 818 1545 circa
838 1512 1072 1544 institutionem
1092 1525 1094 1545 :

338 1572 370 1598 et
390 1567 604 1598 remotionem
626 1566 837 1608 superiorum,
857 1570 887 1596 et
907 1564 1070 1596 similium.

337 1620 375 1652 Et
390 1620 585 1662 ubicumque
608 1620 640 1651 in
667 1619 781 1661 glossis
807 1618 1073 1651 constitutionum

338 1673 476 1704 citantur
496 1673 623 1704 litterae
648 1671 844 1714 pontificiae,
865 1675 920 1703 aut
945 1671 1074 1703 decreta

339 1725 641 1767 congregationum,
662 1725 711 1756 vel
730 1724 791 1756 alia
809 1724 921 1756 similis
936 1724 1075 1756 auctori-

339 1782 397 1817 tas,
410 1777 448 1810 ad
467 1776 673 1810 authenticos
691 1776 818 1809 codices
835 1782 865 1808 et
879 1776 1074 1818 posteriores

339 1830 583 1871 derogationes,
613 1829 638 1861 si
668 1839 750 1871 quae
776 1829 848 1867 sint,
879 1834 1073 1867 recurratur,

340 1888 372 1915 et
395 1893 465 1914 cum
499 1883 549 1914 his
574 1882 786 1923 corrigantur,
817 1886 849 1914 et
873 1882 911 1913 ad
936 1881 1076 1914 litteram

339 1935 526 1973 recitentur,
549 1940 580 1966 et
602 1934 681 1966 baec
700 1933 807 1966 omnia
825 1933 903 1966 fiant
919 1945 936 1966 a
953 1934 1077 1977 praedi·

341 1989 398 2021 ctis
423 1987 587 2030 religiosis
612 1987 866 2020 eminentissimo
892 1993 1077 2030 protectore

340 2036 488 2073 consulto
524 2040 737 2083 approbante.
782 2040 819 2072 Et
858 2041 1077 2083 suprascripta

342 2093 450 2125 omnia
479 2099 648 2125 serventur
673 2093 704 2125 in
731 2098 896 2135 posterum
925 2103 1075 2135 semper,

343 2156 379 2178 ac
397 2145 646 2178 constitutiones
668 2144 905 2187 imprimendae
923 2146 988 2177 sint
1004 2155 1076 2177 eum

343 2198 451 2240 aliqua
475 2198 662 2238 mutatione,
688 2197 755 2230 sive
780 2198 811 2229 in
837 2197 918 2237 istis,
948 2198 1013 2230 sive
1046 2198 1076 2230 in

345 2250 459 2292 glossis
477 2262 506 2283 ».

389 2303 403 2344 ᾗ
428 2302 458 2335 2.
486 2301 587 2339 Quare
613 2312 680 2342 1105,
707 2307 883 2346 perpetuae
909 2308 1005 2346 atque
1031 2302 1079 2335 in-

344 2354 489 2386 violabili
528 2355 764 2397 praedictarum
808 2354 1049 2387 ordinationum
1069 2382 1075 2394 ,

345 2416 426 2449 quae
459 2411 525 2438 toto
562 2406 671 2438 Ordini
708 2407 891 2448 supradicto
924 2407 1078 2449 perutiles

344 2464 439 2502 atque
465 2459 684 2492 conducibiles
715 2469 785 2491 csse
819 2460 1077 2501 dignoscuntur,

344 2511 498 2549 firmitati,
517 2511 625 2543 robori
654 2517 685 2543 et
702 2511 860 2543 efficaciae
882 2522 918 2543 ac
935 2512 1079 2544 observa-

345 2563 436 2603 tioni,
454 2574 489 2596 ex
512 2563 672 2596 commissi
699 2564 791 2596 nobis
818 2565 950 2597 caelitus
976 2571 1080 2607 pasto·

905 210 1082 234 BULLantmt
1108 209 1258 234 nost-mem

1109 257 1185 290 ralis
1212 257 1305 289 officii
1328 257 1448 297 debito,
1468 257 1637 291 consulere
1662 258 1839 302 cupientes,

1107 317 1194 345 motu
1221 312 1375 355 proprio,
1401 318 1432 344 et
1457 323 1492 345 ex
1519 315 1607 345 certa
1639 313 1773 345 scientia
1804 322 1840 345 ac

1108 367 1230 396 matura
1246 364 1479 397 deliberatione
1499 365 1627 403 nostris,
1644 366 1750 408 deque
1768 375 1842 408 apo-

1108 417 1240 450 stolicae
1266 417 1433 459 potestatis
1461 417 1681 460 plenitudine,
1709 418 1840 450 ordina-

1109 469 1211 501 tiones
1237 475 1266 501 ct
1289 474 1405 501 statuta
1429 469 1641 512 praeinserta,
1669 470 1841 512 omniaque

1108 526 1139 553 et
1164 521 1291 563 singula
1317 521 1348 553 iu
1375 522 1419 553 eis
1444 527 1596 553 contenta
1623 527 1654 554 et
1678 532 1840 564 expressa,

1108 579 1221 605 tenore
1247 574 1474 616 praesentium,
1494 579 1653 616 perpetuo
1674 574 1844 606 confirma-

1107 637 1177 658 mus
1204 633 1235 658 ct
1259 627 1498 669 approbamus,
1529 638 1563 658 ac
1590 627 1684 659 etiam
1710 627 1844 659 innova-

1109 689 1187 717 mus,
1205 678 1332 721 illisque
1350 679 1545 711 inviolabilis
1563 685 1594 711 et
1611 678 1842 720 irrefragabilis

1108 730 1304 772 apostolicae
1330 731 1489 763 firmitatis
1514 731 1594 770 vim,
1616 731 1717 763 robur
1741 736 1774 763 et
1798 731 1844 763 ef-

1109 783 1251 815 ficaciam
1278 783 1496 824 adiungimus,
1527 794 1562 815 ac
1587 793 1699 816 omnes
1726 788 1757 816 et
1780 782 1845 815 sin-

1087 856 1088 864 ,
1109 836 1201 876 gulos
1220 834 1298 867 iuris
1317 841 1347 867 et
1367 836 1437 867 faeti
1465 841 1496 868 et
1515 835 1754 868 solemnitatum
1772 845 1845 878 qua·

332 887 526 925 informatis,
542 887 657 929 quibus
682 886 1001 932 cominittatimcura
1023 896 1069 917 re·
1087 901 1089 906 ν

333 939 463 972 videndi
478 938 737 977 constitutiones,
753 948 929 979 carumque
944 938 1067 978 glossas
1109 939 1293 971 stolicarum
1318 950 1353 971 ae
1378 940 1455 971 dicti
1480 940 1606 972 Ordinis
1643 939 1846 972 constitutio-

1109 887 1242 927 rumvis,
1260 893 1322 919 tam
1349 899 1385 920 ex
1412 888 1490 920 iuris
1517 887 1695 921 coa'nnunis
1717 893 1749 920 et
1769 898 1846 931 apo-

1110 1002 1185 1023 num
1211 996 1243 1023 et
1264 991 1503 1033 privilegiorum
1522 992 1734 1035 praescripto,
1750 1002 1845 1034 quam

1111 1043 1149 1074 de
1176 1044 1265 1085 stylo,
1287 1054 1344 1074 usu
1365 1049 1396 1074 ct
1413 1044 1648 1076 consuetudine
1675 1045 1768 1077 etiam
1788 1044 1847 1076 im-

1110 1095 1311 1127 memorabili
1349 1096 1493 1128 eiusdem
1529 1096 1682 1136 Ordinis,
1714 1102 1745 1129 et
1768 1097 1846 1130 alias

1111 1148 1356 1190 quomodolibet
1373 1149 1404 1180 in
1430 1148 1590 1180 similibus
1623 1149 1716 1181 etiam
1740 1149 1778 1181 de
1796 1159 1849 1181 ne·

1111 1199 1259 1231 cessitate
1275 1199 1574 1237 observandarum¹‚
1591 1206 1621 1232 et
1637 1200 1717 1233 alios
1733 1201 1849 1242 quosli-

1112 1252 1173 1290 bet,
1194 1252 1289 1283 etiam
1316 1252 1520 1294 quantumvis
1546 1253 1697 1285 formales
1725 1257 1757 1284 et
1777 1252 1849 1284 sub-

1112 1304 1287 1342 stantiales,
1304 1314 1339 1335 ac
1353 1304 1544 1345 incogitatos
1563 1310 1594 1336 et
1612 1304 1847 1346 incogitabiles

1113 1356 1327 1398 specificaque
1360 1362 1391 1388 ct
1424 1357 1588 1389 individua
1624 1357 1787 1390 mentione
1816 1362 1849 1389 et

1091 1409 1323 1451 ¹expressione
1350 1409 1464 1450 (lignos
1495 1409 1658 1449 desectus,
1685 1409 1709 1441 si
1736 1409 1791 1452 qui
1815 1409 1849 1441 in

1114 1460 1169 1499 eis,
1186 1462 1235 1493 vel
1262 1471 1371 1493 corum
1397 1461 1522 1503 aliqua,
1549 1461 1774 1503 principaliter
1798 1462 1849 1493 vel

1114 1513 1308 1551 accessorie,
1327 1513 1560 1545 antecedenter
1584 1514 1632 1545 vel
1651 1513 1850 1556 subsequen-

1093 1570 1174 1604 =ter‚
1202 1570 1256 1596 aut
1280 1565 1556 1604 concomitanter,
1585 1575 1642 1597 seu
1668 1565 1746 1597 alias
1771 1575 1851 1608 quo-

1115 1618 1293 1650 modolibet
1307 1618 1548 1657 intervenerint,
1565 1628 1621 1650 scu
1636 1618 1850 1651 intervenisse

1116 1670 1187 1709 dici,
1207 1670 1346 1709 censeri,
1364 1670 1502 1713 intelligi
1522 1672 1571 1703 vel
1588 1671 1757 1713 praetendi
1777 1681 1853 1713 quo-

1115 1723 1161 1755 vis
1179 1724 1276 1756 modo
1301 1729 1444 1766 possent,
1464 1724 1649 1766 plenissime
1671 1730 1702 1757 et
1722 1724 1852 1766 amplis-

1116 1776 1194 1809 sime
1221 1777 1410 1818 supplemus
1436 1782 1466 1808 et
1491 1787 1649 1816 sanamus,
1669 1787 1705 1808 ac
1724 1776 1852 1819 penitus

1117 1833 1148 1859 ct
1172 1827 1305 1860 omnino
1332 1828 1475 1860 tollimus
1493 1834 1525 1860 et
1543 1828 1729 1867 abolemus,
1750 1828 1853 1871 ipsas-

1118 1890 1180 1922 que
1206 1880 1430 1912 ordinationes
1457 1886 1488 1912 et
1511 1886 1627 1913 statuta
1651 1880 1853 1923 praeinserta

1118 1943 1134 1964 a
1160 1933 1210 1964 die
1237 1933 1339 1974 prima
1375 1933 1503 1965 illarum
1538 1938 1570 1965 et
1593 1933 1723 1965 illorum
1747 1933 1853 1975 publi-

1118 1985 1252 2017 cationis
1277 1990 1309 2016 et
1333 1985 1563 2028 acceptationis
1589 1986 1697 2018 stricte
1715 1991 1745 2017 et
1766 1986 1853 2028 rigo-

1118 2047 1189 2070 rose
1215 2037 1379 2070 observari
1405 2038 1631 2080 praecipimus.

1162 2091 1176 2133 ἓ
1201 2089 1232 2122 3.
1259 2091 1303 2122 Ac
1327 2090 1466 2132 proinde
1484 2091 1510 2122 si
1536 2091 1612 2133 quid
1635 2090 1770 2123 subinde
1789 2094 1852 2123 tam

1840 209 1892 237 An.
1913 209 1944 238 G.
1962 211 2029 239 1670

1893 2096 1983 2118 irritatio
1997 2102 2044 2118 con-

1829 2143 1835 2148 ,
1864 2127 1927 2145 tiarm
1934 2127 2046 2150 gestorum.

1119 2153 1135 2174 a
1151 2143 1295 2185 praefato
1313 2143 1452 2184 capitulo
1478 2143 1619 2184 generali
1641 2143 1671 2175 in
1689 2143 1755 2175 suis
1774 2148 1853 2176 actis

1098 2219 1099 2228 1
1118 2194 1362 2237 capitularibus,
1382 2205 1475 2236 quam
1493 2206 1509 2227 a
1524 2195 1609 2227 dicto
1631 2196 1783 2237 magistro
1802 2205 1855 2236 ge-

1120 2247 1231 2285 nerali,
1243 2248 1345 2280 aliove
1361 2258 1574 2290 quocumque,
1590 2253 1704 2287 actum,
1716 2253 1852 2290 gestum,

1120 2301 1283 2333 decretum
1309 2301 1356 2332 vel
1383 2300 1567 2332 ordinatum
1595 2300 1662 2339 suit,
1682 2306 1736 2332 aut
1759 2300 1791 2332 in
1813 2300 1855 2332 su·

1121 2359 1224 2385 turum
1249 2353 1520 2396 quandocumque
1546 2363 1562 2384 a
1588 2353 1735 2395 capitulis
1761 2363 1855 2395 gene⁴

1099 2408 1252 2447 malibus,
1281 2409 1330 2439 vel
1356 2406 1517 2448 magistris
1544 2406 1751 2448 generalibus
1777 2404 1854 2438 dicti

1120 2460 1246 2493 Ordinis
1279 2470 1339 2503 pro
1369 2465 1513 2502 tempore
1543 2458 1760 2498 existentibus,
1790 2457 1852 2491 ali·

1158 2575 1166 2600 1
1191 2573 1256 2600 Mate
1276 2573 1331 2600 edit
1349 2573 1416 2600 Main
1450 2573 1513 2607 legit
1528 2572 1747 2599 observandum.
