2111 3157
751 187 846 210 INDEX
872 184 1070 208 RUBRICARUM

241 247 335 286 petua
359 240 556 274 visitantibus
580 239 716 282 aliquam
740 249 776 271 ex
794 237 892 271 eccle-

242 295 296 328 siis
320 293 548 327 monachorum
575 291 819 326 Caelestinorum
844 289 894 322 die

240 347 318 380 festo
343 346 371 379 S.
390 346 473 379 Petri
497 345 660 379 Caelestini
682 344 784 388 Papae
801 343 824 375 V
842 353 894 375 eo-

241 409 312 431 rum
338 398 538 439 institutoris,
562 397 637 429 4¹15.

251 451 472 485 Conceduntur
502 450 654 493 quaedam
680 448 894 491 indulgentiae

239 509 413 547 perpetuae
437 502 746 536 confraternitatibus
767 501 893 544 Septem

239 556 392 589 Dolorum
413 555 444 587 B.
466 556 503 588 M.
530 556 562 587 V.
591 555 623 586 in
654 553 794 587 ecclesiis
825 554 892 586 fra-

240 614 324 641 trum
359 608 529 641 Servorum
558 606 700 640 eiusdem
731 606 763 638 B.
795 606 833 639 M.
860 607 892 638 V.

241 661 364 702 erectis,
389 660 465 694 416.

152 715 209 749 CX.
235 715 387 748 Indicitur
402 713 578 747 universale
594 713 767 746 iubilaeum
783 712 822 745 ad
835 712 894 745 im-

239 767 428 812 plorandam
453 766 591 799 divinam
615 776 708 809 opem
724 776 783 809 pro
803 775 895 808 prae-

241 820 381 854 sentibus
406 824 479 854 tunc
513 819 671 852 Ecclesiae
695 818 891 851 necessitati-

240 872 309 912 bus,
333 872 408 904 4¹17.

257 924 469 958 Confirmatur
500 924 661 957 decretum
694 923 896 967 particularis

243 977 508 1019 congregationis,
533 987 595 1019 quo
619 976 812 1009 declaratum
838 975 896 1008 fuit

241 1029 526 1072 Congregationem
556 1029 802 1072 Brigittanorum
834 1029 896 1061 No-

241 1082 443 1115 vissimorum
475 1092 542 1115 esse
571 1092 677 1115 veram
709 1082 894 1124 religionem

242 1134 398 1167 diversam
429 1135 467 1166 ab
493 1145 528 1167 ea
553 1134 603 1167 SS.
630 1134 804 1177 ,Salvatoris
843 1144 896 1167 seu

242 1187 271 1220 S.
300 1188 462 1231 Brigittae,
486 1187 561 1221 420.

154 1240 238 1274 CXII.
264 1240 504 1284 Componuntur
527 1251 545 1273 a
569 1240 719 1274 Pontifice
744 1240 848 1273 variae
865 1241 898 1272 li-

242 1298 288 1326 tes
315 1297 400 1326 ortae
426 1294 507 1326 inter
531 1293 802 1336 archiepiscopum
830 1293 894 1325 Me-

244 1346 449 1379 chliniensem
482 1351 512 1379 et
536 1346 602 1378 eius
627 1345 779 1379 dioecesis
802 1355 897 1388 regu-

242 1399 323 1431 lares
349 1404 520 1442 exemptos,
545 1398 620 1430 421.

156 1451 258 1484 CXlll.
287 1451 499 1484 Confirmatur
530 1450 689 1484 Pontificis
713 1450 897 1490 decretum,

245 1515 306 1547 quo
333 1505 425 1537 vetita
449 1505 507 1537 fuit
529 1504 734 1538 conventibus
747 1504 898 1538 Carmeli-

245 1561 348 1588 tarum
364 1556 624 1599 Congregationis
641 1557 825 1589 Mantuanae
842 1557 900 1589 ele-

245 1609 306 1641 ctio
327 1609 485 1642 sociorum
504 1609 543 1641 ad
563 1609 708 1652 generale
726 1609 898 1652 capitulum

245 1661 482 1702 mittendorum,
504 1661 579 1694 423.

157 1714 253 1746 CXIV.
279 1714 492 1747 Coniirmatur
510 1715 672 1748 decretum
697 1715 823 1758 capituli
844 1725 898 1757 ge-

244 1768 360 1801 neralis
396 1768 520 1801 Ordinis
556 1768 804 1809 Carthusiensis,
837 1779 900 1811 quo

245 1820 410 1863 statuitur,
435 1831 475 1854 ne
500 1821 569 1864 quis
598 1825 704 1855 ulatur
727 1821 900 1864 privilegiis

244 1874 381 1906 aliorum
404 1874 599 1916 regularium
618 1875 649 1907 in
674 1874 832 1907 nonnullis
850 1885 899 1907 ca-

246 1926 342 1966 sibus,
361 1926 426 1959 sine
445 1937 599 1960 consensu
620 1927 783 1959 reverendi
802 1927 901 1970 patris

247 1984 300 2011 aut
320 1979 450 2022 capituli
475 1980 641 2022 generalis,
667 1980 740 2012 426.

159 2032 202 2065 CX
209 2032 239 2063 V.
254 2032 454 2065 Transfertur
469 2032 662 2076 indulgentia
675 2033 815 2077 plenaria
830 2043 901 2076 per-

246 2089 340 2127 petua
363 2084 395 2116 in
426 2085 512 2118 festis
537 2085 582 2118 Ss.
608 2086 723 2118 Placidi
750 2091 780 2118 et
804 2085 901 2118 Mauri

247 2137 285 2170 ad
309 2138 387 2170 festa
411 2138 455 2171 Ss.
482 2139 558 2172 Zoili
590 2144 620 2172 et
642 2140 754 2172 Felicis
778 2140 810 2172 in
834 2150 902 2172 mo-

248 2190 386 2223 nasterio
411 2190 440 2223 S.
466 2191 540 2224 Zoili
571 2191 610 2224 de
634 2191 767 2225 Corrion
791 2192 901 2224 Palen-

248 2244 329 2276 tinae
352 2243 514 2284 dioecesis,
538 2244 613 2277 4027.

160 2296 256 2330 CXVI.
285 2297 497 2330 Confirmatur
527 2297 689 2330 decretum
718 2298 898 2341 Congrega-

249 2349 342 2382 tionis
367 2349 495 2382 Rituum
520 2350 557 2382 de
582 2350 734 2383 electione
759 2350 788 2383 S.
814 2352 904 2393 lgna-

250 2402 283 2434 tii
303 2402 419 2446 Loyola
439 2402 470 2435 in
486 2409 656 2446 patronum
672 2403 810 2446 regionis
828 2404 904 2437 Can-

250 2455 384 2497 tabriae,
408 2454 483 2488 4⁹28.

161 2507 273 2540 CXl‘ll.
299 2508 512 2541 Confirmatur
536 2508 697 2541 decretum
723 2508 904 2551 Congrega—

252 2561 345 2594 tionis
370 2562 508 2602 Rittium,
526 2571 588 2605 quo
608 2561 904 2594 declaratur-licere

152 452 225 484 CIX.

152 924 223 957 CXl.

1555 172 1570 203 1
1578 171 1641 205 003

1033 235 1195 269 monachis
1219 232 1492 268 Carthusiensibus
1511 233 1623 276 Papiae
1639 234 1687 266 in-

1034 288 1163 320 stituere
1195 286 1428 330 processionem
1461 285 1493 318 in
1519 285 1687 318 festivitate

1033 339 1181 383 Corporis
1198 339 1322 380 Christi,
1340 338 1457 382 apertis
1476 337 1588 377 ianuis,
1604 337 1686 371 intra

1035 393 1183 432 claustra,
1207 391 1283 424 429.

947 452 1076 486 CXVIII.
1109 452 1319 498 Confirmatur
1344 450 1551 483 summarium
1574 449 1680 482 indul-

1035 499 1213 548 gentiarum
1233 510 1262 537 et
1279 504 1460 537 facultatum
1485 502 1687 536 confraterni-

1034 557 1089 590 tati
1113 558 1293 597 Servorum,
1311 556 1374 589 sive
1388 556 1513 599 Septem
1537 555 1688 588 Dolorum
1715 553 1724 560 “

1035 610 1067 642 B.
1085 611 1122 643 Μ.
1144 610 1188 651 V.,
1207 619 1438 649 concessarum,
1459 607 1533 641 430.

947 670 1045 704 CXIX.
1083 669 1292 704 Confirmatur
1327 669 1487 702 decretum
1521 667 1690 700 cardinalis

1034 722 1225 766 protectoris
1243 722 1327 755 circa
1347 721 1585 763 abrogationem
1603 729 1690 752 com-

1035 775 1253 807 missariorum
1279 773 1474 817 generalium
1491 783 1549 816 pro
1566 771 1690 815 provin-

1036 827 1092 860 ciis
1127 827 1286 859 lndiarum
1323 825 1527 859 Orientalium
1563 824 1689 857 Ordinis

1035 881 1168 913 fratrum
1185 880 1342 913 Minorum
1364 878 1461 911 sancti
1479 877 1636 910 Francisci
1654 877 1692 909 de

1037 933 1251 973 Observantia,
1277 932 1350 965 433.

949 995 1032 1028 CXX.
1065 994 1298 1027 Confirmantur
1331 991 1501 1025 nonnullae
1527 990 1680 1024 constitu-

1038 1047 1138 1080 tiones
1161 1045 1403 1088 Congregationi
1431 1043 1686 1077 Silvestrinorum

1038 1100 1162 1133 Ordinis
1187 1099 1285 1132 sancti
1310 1097 1479 1140 Benedicti,
1505 1096 1580 1130 436.

949 1158 1049 1191 CXXI.
1075 1156 1309 1190 Confirmantur
1338 1159 1452 1188 statuta
1476 1164 1535 1197 pro
1560 1152 1693 1186 ecclesia

1038 1217 1068 1243 et
1092 1209 1239 1253 hospitali
1265 1209 1293 1241 S.
1320 1207 1444 1240 Antonii
1469 1207 1691 1240 Lusitanorum

1040 1263 1078 1296 dc
1098 1263 1191 1301 Urbe,
1216 1261 1292 1294 440.

950 1322 1061 1355 CXXII.
1086 1321 1269 1354 Declaratur
1294 1319 1467 1353 cessionem
1492 1318 1553 1351 loci
1579 1328 1692 1360 expro-

1038 1373 1223 1405 vincialibus
1252 1372 1364 1413 debiti,
1393 1372 1424 1403 in
1452 1371 1589 1414 capitulo
1619 1380 1692 1413 pro-

1040 1424 1162 1458 vinciali
1198 1425 1298 1457 sancti
1335 1423 1484 1456 Ludovici
1525 1424 1555 1455 in
1594 1423 1694 1455 Gallia

1038 1478 1163 1511 Ordinis
1176 1477 1430 1510 Praedicatorum
1451 1475 1622 1509 Sti-ictioris
1636 1475 1695 1508 Ob-

1039 1532 1214 1564 servantiae
1237 1531 1370 1570 saetam,
1394 1540 1457 1562 non
1482 1539 1549 1562 esse
1574 1528 1693 1561 admit-

1041 1584 1174 1625 tendam,
1202 1582 1276 1615 487.

950 1644 1077 1677 CXXIII.
1103 1642 1289 1677 Conceditur
1314 1641 1522 1674 bibliothocae
1547 1640 1693 1683 archigy-

1039 1696 1154 1729 mnasii
1186 1694 1362 1738 Sapientiae
1386 1694 1424 1726 dc
1449 1694 1533 1726 Urbe
1566 1693 1695 1726 facultas

1039 1749 1193 1782 retinendi
1218 1757 1437 1791 quaecumque
1465 1756 1560 1789 opera
1586 1745 1695 1789 prohi-

1039 1802 1105 1834 bita
1129 1811 1165 1834 ac
1189 1801 1346 1840 damnata,
1371 1798 1446 1831 488.

951 1860 1075 1894 CXXIV.
1101 1860 1254 1893 Statuitur
1278 1864 1312 1891 ut
1336 1858 1494 1890 debitores
1524 1857 1614 1889 banci
1639 1866 1692 1888 ar-

1041 1912 1258 1956 chihospitalis
1283 1912 1311 1944 S.
1334 1911 1468 1954 Spiritus
1492 1911 1523 1942 in
1548 1909 1638 1942 Saxia
1658 1908 1696 1941 de

1042 1967 1126 1999 Urbe
1152 1970 1314 2000 tencantur
1331 1965 1359 1997 ei
1376 1964 1554 1997 satisfacere
1572 1962 1696 1995 vinculo

1042 2019 1245 2062 obligationis
1271 2017 1444 2057 camerabs,
1470 2016 1546 2048 490.

953 2078 1064 2112 CXXV.
1085 2077 1296 2111 Confirmatur
1313 2076 1475 2108 decretum
1493 2073 1628 2106 ministri
1646 2083 1696 2115 ge—

1042 2130 1158 2164 neralis
1182 2130 1306 2163 Ordinis
1331 2129 1360 2161 S.
1386 2127 1544 2161 Francisci
1574 2127 1612 2159 de
1636 2126 1698 2159 Ob-

1042 2184 1196 2217 servantia
1226 2183 1310 2216 circa
1340 2181 1577 2224 abrogationem
1603 2189 1693 2212 com-

1043 2238 1262 2271 missariorum
1277 2244 1518 2278 europaeorum,
1533 2238 1562 2266 et
1578 2232 1698 2265 iudices

1043 2290 1288 2334 appellationum
1313 2298 1371 2331 pro
1396 2286 1566 2330 provinciis
1587 2286 1616 2319 S.
1634 2286 1698 2318 An-

1042 2344 1121 2376 tonii
1138 2348 1168 2375 ct
1187 2341 1405 2385 Conceptionis
1422 2340 1456 2372 B.
1475 2341 1511 2372 M.
1529 2340 1559 2371 V.
1581 2339 1613 2371 in
1630 2338 1700 2370 Bra-

1043 2397 1122 2438 silisi,
1149 2396 1223 2428 491.

955 2454 1080 2487 CXXVI.
1091 2454 1300 2487 Confirmatur
1310 2451 1427 2485 erectio
1438 2449 1695 2493 Congregationis

1043 2507 1302 2551 presbyterorum
1327 2505 1536 2538 saecularium
1553 2503 1584 2535 B.
1604 2503 1640 2534 M.
1662 2502 1694 2533 V.

1044 2563 1230 2604 Assumptae
1265 2559 1396 2593 civitatis
1430 2555 1697 2600 portugallensis,
