2111 3157
151 180 199 208 An.
222 181 249 209 c.
271 182 336 209 1679
383 174 447 208 ⁶202

344 238 451 266 autem
475 234 667 267 confratrem
690 233 850 266 infirmum
869 231 1078 271 visitaverint,

345 294 398 320 ant
415 298 530 331 corpus
548 288 687 321 defuncti
706 287 880 320 confratris
904 287 941 319 ad
961 287 1078 319 dictam

345 341 514 374 ecclesiam
533 341 769 378 associaverint,
786 346 847 372 tres
866 350 968 372 annos
986 344 1017 371 et
1035 344 1081 371 to-

345 393 444 425 tidem
471 393 695 436 quadragenas
721 393 760 425 de
786 392 940 425 iniunctis
965 392 1010 424 eis
1027 396 1081 423 aut

346 446 424 478 alias
451 446 699 489 quomodolibet
717 446 833 478 debitis
858 444 1078 488 poenitentiis.

389 509 418 531 v.
447 498 535 531 Idem
560 498 705 531 Pontifex
737 498 769 531 in
794 499 885 531 Bulla
910 498 954 531 Dc
978 497 1082 529 salute

344 551 469 595 qresyz'S,
497 551 548 584 die
586 562 626 584 xv
653 551 816 591 februarii,
844 562 930 584 anno
955 560 1078 587 naxon,

345 604 562 637 confratribus
583 605 857 637 confraternitatis
882 604 934 637 SS.
958 603 1081 635 Rosarii

346 663 472 690 erectae
491 658 522 690 in
544 657 679 690 ecclesia
702 657 964 690 Praedicatorum
985 655 1080 693 Enni,

347 711 475 753 quoties
500 711 708 743 interfuerint
742 711 857 743 divinis
890 709 1003 743 officiis
1029 714 1084 740 aut

346 762 453 795 missis
480 773 561 806 quae
587 764 795 796 celebrantur
823 763 855 795 in
874 763 958 795 dicta
983 762 1084 794 eccle-

347 816 393 848 sia
417 817 465 848 vel
491 816 609 848 intuitu
638 817 688 849 vel
718 827 753 849 ex
773 816 920 848 instituto
938 820 992 847 aut
1008 825 1084 847 con-

347 870 520 902 suetudine
557 869 659 902 dictae
696 868 997 908 consi-aternitatis,
1029 872 1084 900 aut

346 922 492 965 hospitio
505 933 664 965 pauperes
678 923 871 966 peregrinos
888 921 1081 964 exceperint,

347 980 404 1007 aut
428 975 642 1018 eleemosynis
666 977 714 1008 vcl
741 975 855 1007 officiis
882 974 1083 1013 adiuverint,

347 1034 403 1060 aut
427 1039 540 1071 pacem
567 1038 637 1060 cum
678 1028 816 1060 inimicis
843 1027 1085 1070 composuerint

348 1091 403 1113 seu
429 1080 580 1123 componi
598 1080 736 1113 fecerint
757 1081 805 1113 vel
827 1080 1085 1123 procuraverint,

349 1143 383 1164 ac
402 1133 496 1165 etiam
522 1143 659 1175 corpora
685 1133 909 1165 defunctorum
930 1137 993 1164 tam
1013 1142 1085 1164 ‹eon-

349 1186 482 1218 sratrum
522 1196 616 1228 quam
649 1186 784 1218 aliorum
815 1186 853 1218 ad
887 1187 1086 1228 sepulturam

349 1238 590 1277 associaverint,
610 1243 666 1270 aut
682 1238 828 1271 infirmos
847 1238 1006 1270 consolati
1027 1238 1087 1270 fuc-

348 1291 425 1329 rint,
458 1296 511 1323 aut
535 1291 762 1334 processiones
789 1291 990 1331 ordinarias,
1024 1297 1086 1323 tam

350 1343 635 1382 confraternitatis,
656 1355 748 1387 quam
770 1345 848 1376 alias
870 1354 1086 1387 quascumque

350 1398 389 1430 de
407 1397 538 1430 licentia
555 1397 715 1429 Ordinarii
731 1397 955 1436 celebrandas,
969 1397 1021 1429 SS.
1038 1398 1089 1429 Sa-

350 1456 561 1489 cramentum,
578 1456 640 1482 tam
658 1450 690 1482 in
704 1449 978 1493 processionibus,
994 1461 1087 1492 quam

349 1504 390 1535 ad
416 1503 580 1541 infirmos,
605 1504 653 1536 vel
679 1503 792 1545 quovis
823 1503 921 1536 modo
947 1503 1087 1535 delatum

349 1556 493 1589 comitati
512 1556 640 1595 fuerint,
658 1567 714 1589 seu
735 1556 893 1599 impediti,
910 1566 969 1600 per
989 1556 1086 1588 alium

349 1611 399 1642 vel
417 1610 496 1642 alios
517 1609 666 1642 associari
687 1610 832 1648 fecerint,
852 1611 900 1642 vel
915 1620 1087 1652 campanae
1109 1611 1111 1614 ’

351 1663 391 1695 ad
413 1663 442 1695 id
470 1663 561 1705 signo
579 1664 652 1695 dato
672 1663 832 1705 genuflexi
851 1664 951 1695 semel
973 1663 1089 1695 oratio-

350 1726 426 1748 nem
457 1715 649 1748 dominicam
677 1721 707 1748 et
732 1716 959 1749 salutationem
992 1726 1090 1757 ange-

350 1768 445 1801 licam
477 1779 535 1811 pro
561 1769 727 1801 animabus
754 1769 952 1801 confratrum
978 1769 1090 1801 defun-

350 1827 474 1854 ctorum
493 1821 710 1858 recitaverint,
731 1827 785 1854 aut
802 1822 930 1853 (levium
949 1822 1088 1864 aliquem

351 1874 392 1907 ad
413 1874 496 1907 viam
517 1874 628 1906 salutis
650 1874 848 1913 reduxerint,
868 1879 922 1906 aut
938 1873 1090 1916 1011115111-

351 1932 400 1960 tes
426 1932 599 1970 praecepta
632 1927 688 1959 Dei
721 1932 753 1959 et
787 1927 849 1959 alia
881 1927 919 1960 ad
951 1928 1089 1961 salutem

351 1979 536 2012 necessaria
562 1979 751 2017 docuerint,
786 1984 841 2012 aut
864 1980 1089 2022 quodcumque

351 2034 439 2066 aliud
457 2033 584 2077 pietatis
598 2035 647 2066 vel
666 2034 832 2066 charitatis
848 2044 928 2076 opus
944 2043 1091 2066 exercue-

351 2087 429 2126 rint,
452 2087 577 2129 quoties
607 2087 786 2129 praemissa
815 2087 861 2119 rel
892 2086 969 2129 quid
998 2097 1090 2129 prae-

352 2140 525 2172 missorum
551 2140 689 2181 egerint,
708 2139 874 2181 sexaginta
896 2140 963 2172 dies
989 2140 1027 2172 de
1049 2140 1091 2172 in-

352 2192 470 2224 iunctis
507 2192 552 2224 eis
594 2196 648 2223 aut
687 2192 937 2234 quomodolibet
973 2192 1089 2225 debitis

352 2244 566 2286 poenitentiis
591 2245 723 2276 relaxat.

398 2306 441 2328 vi.
470 2296 589 2327 Rursus
624 2296 800 2338 Gregorius
832 2297 898 2329 XIII
930 2297 962 2329 in
998 2298 1088 2330 Brevi

354 2348 601 2387 Desidet-antes,
628 2358 672 2381 xii
698 2349 802 2381 martii
830 2360 953 2382 natvxx
969 2349 986 2388 ¹,
1007 2360 1086 2383 con-

356 2401 508 2432 fratribus
545 2401 844 2433 confraternitatum
878 2402 930 2434 55.
967 2402 1089 2435 I'tosarii

354 2453 571 2485 institutarum
591 2452 621 2485 in
641 2454 785 2487 ecclesiis
808 2455 939 2487 fratrum
960 2455 1090 2488 Praedi-

356 2511 498 2539 catorum
524 2505 708 2548 provinciae
727 2507 757 2539 S.
778 2507 883 2540 Iacobi
908 2507 1011 2541 Novae
1037 2509 1091 2542 Ili-

393 2568 404 2597 1
427 2567 493 2594 Male
514 2567 568 2594 edit
596 2567 674 2594 1110111.
696 2568 760 2603 legit
781 2568 851 2596 1080
871 2570 907 2604 (n.
928 2569 975 2605 T.).

922 183 1100 208 Bruanium
1126 182 1277 206 Romanum

1864 182 1911 209 An.
1934 182 1962 209 c.
1981 183 2046 220 1679,

1124 227 1256 272 spaniae
1274 229 1305 262 in
1326 229 1433 270 lndiis,
1452 234 1483 263 et
1498 229 1649 264 omnibus
1663 230 1859 264 christifide-
2044 221 2046 224 ⁵

1123 283 1220 322 libus,
1243 282 1309 326 qui,
1326 293 1400 315 vere
1425 283 1641 325 poenitentes,
1659 284 1797 316 confessi
1823 295 1859 318 ac

1123 338 1213 368 saera
1239 335 1466 368 communione
1492 336 1621 376 refecti,
1647 337 1761 370 devote
1785 338 1859 371 visi-

1124 388 1264 421 taverint
1300 388 1399 421 dictas
1438 389 1588 421 ecclesias
1625 389 1738 422 diebus
1770 391 1859 424 sestis

1124 441 1251 484 patroni
1278 440 1480 474 eorumdem¹
1506 442 1695 485 respective,
1718 443 1797 476 etin
1815 454 1860 477 so-

1125 495 1290 527 lemnitate
1308 495 1460 538 Corporis
1481 495 1607 535 Christi,
1627 496 1861 538 indulgentiam

1125 548 1301 590 plenariam
1327 548 1488 581 concedit.
1515 549 1652 592 Insuper
1685 549 1858 591 omnibus,

1125 601 1177 643 qui
1203 602 1345 634 sabbatis
1374 602 1406 633 in
1439 602 1685 644 quadragesnna
1710 603 1862 636 assistent

1125 655 1241 687 missae
1268 660 1299 687 et
1324 655 1471 688 concioni
1491 656 1694 689 Beatissimae
1711 657 1861 699 Virginis,

1127 718 1161 739 ac
1178 708 1252 739 dum
1267 714 1413 741 cantatur
1427 709 1605 751 antiphona
1619 709 1713 742 Salve
1726 710 1861 753 Regina,

1126 761 1273 793 concedit
1297 761 1392 793 unius
1411 762 1486 794 anni
1505 762 1753 804 indulgentiam.
1773 763 1864 796 Prae-

1127 817 1223 852 terea,
1242 815 1369 856 quando
1389 825 1424 847 ex
1448 816 1661 858 eleemosynis
1686 817 1864 850 confrater-

1127 866 1236 899 nitatis
1261 867 1313 900 SS.
1338 868 1463 900 Itosarii
1489 869 1629 911 virgines
1656 870 1862 903 matrimonio

1127 918 1311 961 iunguntur,
1331 926 1393 952 tam
1412 920 1489 962 ipsis
1514 933 1609 964 quam
1636 922 1779 965 ipsarum
1797 934 1864 956 ma-

1127 971 1198 1004 ritis
1223 977 1254 1004 et
1278 973 1494 1006 confratribus
1512 974 1564 1007 55.
1586 975 1708 1008 Rosarii
1734 987 1864 1019 proces-

1128 1023 1209 1056 sioni
1230 1025 1508 1066 interessentibus,
1528 1027 1672 1070 quinque
1698 1039 1799 1061 annos
1817 1029 1864 1062 in-

1129 1076 1313 1119 dulgentiae
1340 1079 1505 1121 elargitur.
1525 1080 1669 1123 Denique
1695 1083 1865 1115 confratri-

1128 1130 1185 1161 bus
1211 1136 1241 1162 et
1266 1132 1497 1165 consororibus
1527 1134 1762 1179 associantibus
1791 1146 1865 1178 pro-

1129 1183 1316 1223 cessionem,
1336 1195 1418 1227 quae
1438 1184 1471 1217 fit
1489 1185 1624 1227 singulis
1642 1188 1792 1227 sabbatis,
1811 1194 1866 1221 aut

1129 1238 1227 1269 semel
1248 1237 1278 1269 in
1298 1249 1416 1277 mense,
1434 1249 1491 1281 per
1516 1240 1684 1272 ecclesiam
1707 1241 1756 1274 vel
1780 1243 1865 1274 clau-

1129 1294 1227 1321 strum
1248 1290 1404 1323 dictarum
1431 1292 1610 1330 domorum,
1629 1293 1660 1325 in
1679 1293 1866 1337 suffragium

1131 1348 1343 1384 mortuorum,
1366 1350 1438 1378 octo
1457 1356 1559 1378 annos
1585 1346 1807 1388 indulgentiae
1825 1349 1865 1381 de

1131 1394 1282 1428 iniunctis
1309 1402 1363 1429 aut
1380 1397 1456 1430 alias
1479 1399 1725 1441 quomodolibet
1748 1399 1866 1433 debitis

1131 1449 1341 1490 poenitentiis
1367 1452 1501 1483 relaxat.

1176 1511 1197 1533 1.
1214 1502 1278 1535 Leo
1294 1503 1317 1535 X
1332 1503 1470 1536 instituit
1490 1509 1519 1537 et
1534 1505 1704 1543 concessit,
1719 1511 1754 1538 ut
1774 1506 1867 1550 (111111-
1908 1515 1977 1536 cunr
1991 1521 2035 1536 vm-

1133 1553 1186 1586 bet
1199 1556 1362 1588 confrater
1375 1558 1648 1591 confraternitatis
1667 1559 1719 1592 SS.
1740 1560 1865 1593 Rosarii
1878 1543 2061 1596 φιᾞιωμὲᾗῖιῖἷί

1132 1608 1287 1640 canonice
1312 1608 1343 1640 in
1362 1620 1564 1653 quaerunque
1586 1612 1721 1645 eeclesia
1739 1612 1866 1646 Ordinis
1878 1595 2062 1654 iifissnt‘e'ffc‘iiiissss

1132 1660 1394 1695 praedicatorum
1422 1670 1560 1704 erectae,
1580 1665 1723 1708 quinque
1753 1655 1936 1708 abaritiis-flii?
1957 1647 2061 1695 vssssuaiiti'ss

1132 1713 1292 1747 visitando
1329 1716 1562 1759 cuiuscumque
1599 1718 1755 1751 ecclesiae
1770 1745 1778 1758 ,
1814 1704 2062 1752 autqumquwmm'

1132 1777 1231 1799 unum
1269 1769 1318 1801 vel
1356 1769 1419 1802 duo
1445 1769 1636 1813 quinquies,
1665 1771 1689 1804 si
1723 1772 1868 1816 quinque

1133 1820 1302 1859 defuerint,
1318 1822 1449 1854 easdem
1467 1822 1685 1865 indulgentias
1703 1824 1869 1867 integrali-

1134 1876 1181 1903 ter
1198 1878 1415 1915 consequatur
1440 1885 1475 1906 ac
1499 1874 1525 1906 si
1551 1885 1663 1907 omnes
1689 1877 1792 1909 almae
1811 1876 1870 1909 Ur-

1133 1925 1181 1957 bis
1219 1926 1374 1959 stationes
1401 1927 1640 1970 peregrinando
1662 1928 1867 1971 circumiret;

1134 1990 1228 2021 quam
1247 1979 1488 2013 concessionem
1514 1980 1683 2014 confirmat
1704 1988 1733 2014 et
1751 1993 1871 2026 appro-

1133 2031 1187 2063 bat
1204 2032 1352 2064 Clemens
1371 2033 1419 2065 vti
1438 2033 1469 2065 in
1495 2034 1585 2066 Brevi
1609 2035 1679 2067 Etsi
1711 2039 1870 2078 tempora-

1134 2084 1227 2122 lium,
1249 2086 1334 2127 quod
1361 2085 1476 2119 Paulus
1500 2087 1538 2119 III
1561 2087 1593 2120 in
1619 2088 1708 2120 Brevi
1734 2089 1870 2122 Ranom·

1133 2138 1283 2180 eonyrail
1308 2149 1343 2171 111
1372 2141 1555 2173 novembris
1589 2151 1725 2175 mnxxxtv
1757 2143 1866 2186 publi-

1133 2197 1226 2223 cavit.

1177 2255 1198 2277 1.
1227 2244 1401 2286 Gregorius
1426 2246 1491 2279 XIII
1509 2247 1541 2279 in
1560 2248 1652 2280 Brevi
1678 2249 1763 2291 quod
1789 2249 1868 2281 inci·
1913 2256 1982 2277 cim
1998 2262 2025 2287 ¹¹,-

1134 2297 1174 2339 pit
1195 2297 1247 2330 Λιί
1264 2299 1460 2340 (timendam,
1475 2310 1533 2342 pro
1548 2311 1605 2333 con
1613 2301 1866 2334 fraternitatibus
1879 2283 2061 2334 q„¹,;;¹¹¹¹‚'g;.·:;¹:,³.3;

1134 2350 1286 2382 institutis
1305 2351 1335 2383 in
1355 2353 1500 2385 ecclesiis
1520 2353 1776 2386 Praedicatorum
1796 2335 2002 2398 profitisssskjth'ssls
2013 2338 2061 2389 1)εὲξ

1135 2402 1256 2435 vinciae
1282 2404 1451 2447 utriusque
1476 2405 1708 2446 Lombardiae‚
1736 2407 1786 2439 die
1811 2392 1985 2445 1111115113ςῖῗί
1998 2388 2061 2445 “2⁰0¹ss

1135 2456 1319 2489 novembris
1343 2468 1528 2497 MDLxxvui,
1563 2464 1594 2492 et
1618 2459 1650 2492 in
1682 2459 1745 2492 alio
1771 2442 2060 2513 simili{iiiiiiiissnftlivgiifi

1134 2519 1193 2551 pro
1208 2510 1374 2552 provincia
1392 2511 1544 2551 Romana,
1559 2523 1643 2545 anno
1657 2514 1866 2554 iianx1x‚die
1893 2500 1989 2516 ⁰m¹⁰¹⁰¹⁵
2003 2500 2059 2517 ‘mm‘

1171 2572 1180 2597 1
1204 2572 1297 2606 Aptius
1318 2573 1377 2608 lege
1397 2574 1566 2601 ear-uiridem
1586 2576 1625 2604 (R.
1643 2575 1691 2603 Τ.).
