2111 3157
176 175 225 203 An.
243 174 271 203 C.
292 175 358 204 1681
407 168 472 201 418

201 1020 323 1042 lubilaeum.

371 226 506 258 ticorum
524 230 554 257 et
572 223 849 257 schismaticorum
867 221 1000 261 insidiis,
1018 221 1104 264 peri-

370 279 450 312 culis
475 284 506 311 et
530 276 811 320 persecutionibus
838 274 919 307 tueri
945 280 976 306 et
999 278 1103 316 prote-

369 342 464 373 gere,
492 332 647 363 haereses
675 334 704 361 et
729 328 901 360 schismata
926 326 1101 369 extirpare,

369 384 551 426 principum
577 381 826 413 christianorum
845 379 981 419 animos,
998 379 1104 411 subla-

371 437 410 467 tis
436 436 586 467 omnihus
612 433 675 466 illis
697 444 776 475 quae
802 432 1010 466 concordiam
1040 436 1104 463 tur-

368 489 444 520 bare
472 492 624 529 possent,
654 485 781 518 arctiori
808 490 902 528 atque
927 483 1105 516 indissolu-

368 540 424 572 bili
451 539 616 571 charitatis
640 539 766 571 vinculo
792 538 999 579 coniungere,
1019 546 1054 568 ac
1072 536 1103 568 in

368 602 480 625 causae
495 591 672 624 communis
688 591 855 622 tuitionem
869 589 963 621 unire
982 593 1015 620 et
1032 598 1104 620 con-

367 645 506 682 sociare,
536 644 759 686 populumque
785 642 846 674 sibi
872 640 1104 683 acceptabilem

367 698 495 735 facere,
521 701 553 727 et
577 706 634 738 per
667 695 750 727 viam
784 694 1010 726 mandatorum
1037 692 1104 724 eius

367 751 583 782 ambulantem
610 749 731 791 gratiae
764 758 840 780 suae
867 747 960 779 donis
985 746 1017 777 in
1043 745 1104 777 hac

366 802 631 846 peregrinatione
659 802 767 833 fovere
794 806 825 833 et
849 800 1041 837 confortare,
1060 808 1104 830 as-

367 856 532 898 siduisque
547 855 699 887 virtutum
714 853 921 886 incrementis
935 851 1102 895 perficere,

369 915 398 941 et
423 910 461 941 ad
488 908 685 951 propositam
712 912 862 939 aeternae
894 905 1104 938 beatitudinis

368 967 485 993 metam
512 961 648 992 feliciter
671 960 850 1002 perducere
876 959 1039 1000 dignetur.

412 1014 426 1055 ξ
452 1014 482 1045 1.
502 1014 569 1045 Hoc
586 1017 690 1045 autem
711 1017 745 1043 ut
762 1010 948 1043 ferventiori
970 1010 1104 1052 spiritus

368 1066 485 1097 ardore
504 1065 683 1106 maiorique
705 1064 813 1096 fructu
831 1062 893 1101 fiat,
915 1063 1103 1095 caelestium

368 1128 534 1149 munerum
560 1117 747 1155 thesauros,
775 1125 912 1158 quorum
937 1115 1104 1158 dispensa-

367 1171 488 1202 tionem
514 1169 587 1201 fidci
607 1174 736 1201 nostrae
756 1168 915 1200 commisit
936 1166 1042 1199 divina
1060 1165 1104 1199 di-

368 1222 498 1263 gnatio,
525 1221 652 1263 aperire
678 1226 709 1253 ct
733 1221 821 1262 larga
846 1230 943 1252 manu
968 1229 1103 1261 erogare

366 1275 524 1313 volentes,
541 1274 579 1305 de
597 1273 831 1316 omnipotentis
853 1271 907 1304 Dei
922 1271 1104 1304 misericor-

369 1328 420 1359 dia
444 1333 473 1359 et
498 1328 668 1359 beatorum
694 1325 780 1358 Petri
806 1331 837 1357 et
860 1324 951 1357 Pauli
976 1329 1105 1367 aposto-

368 1381 474 1412 lorum
501 1380 568 1411 eius
604 1379 790 1411 auctoritate
825 1377 956 1417 confisi,
987 1387 1024 1410 ex
1049 1377 1104 1410 illa

369 1433 491 1475 ligandi
517 1438 548 1464 et
572 1431 718 1464 solvendi
743 1436 916 1474 potestate,
936 1441 1031 1473 quam
1048 1440 1105 1462 no—

369 1486 418 1518 bis
437 1485 589 1518 Dominus
615 1485 688 1516 licet
713 1484 853 1526 indignis
871 1483 1016 1523 contulit,
1035 1482 1105 1514 uni-

369 1538 468 1570 versis
495 1544 526 1570 et
551 1537 686 1578 singulis
711 1537 876 1579 utriusque
902 1546 994 1568 sexus
1019 1535 1105 1567 chri-

370 1590 563 1623 stifidelibus
601 1590 632 1621 iu
669 1590 753 1622 alma
790 1588 874 1620 Urbe
907 1590 1017 1620 nostra
1052 1588 1105 1620 de-

371 1644 536 1685 gentibus,
567 1643 622 1685 qui
647 1642 678 1674 S.
706 1642 835 1674 loannis
861 1642 894 1673 in
919 1642 1078 1673 Laterano
1095 1667 1102 1680 ,

369 1695 527 1738 Principis
545 1696 784 1737 Apostolorum,
803 1700 835 1727 et
858 1694 889 1727 S.
909 1694 1026 1726 Mariae
1044 1694 1105 1726 Ma-

369 1749 448 1781 ioris
473 1749 619 1780 eiusdem
644 1747 737 1779 Urbis
766 1747 917 1780 ecclesias
941 1758 995 1779 seu
1019 1746 1105 1779 basi-

370 1802 459 1837 licas.
480 1802 528 1833 vel
546 1811 656 1833 earum
682 1801 831 1842 aliquam,
854 1800 938 1832 intra
967 1800 1105 1842 spatium

371 1856 504 1887 duarum
520 1853 739 1896 proximarum
760 1853 1036 1885 hebdomadarum
1049 1854 1107 1885 sal-

371 1913 434 1939 tem
461 1907 561 1938 semel
598 1906 713 1938 devote
751 1905 969 1944 visitaverint,
994 1905 1128 1948 ibique]

1125 1954 1294 1999 'triusque
1317 1966 1421 1994 sexus,
1448 1955 1546 1987 etiam
1571 1954 1603 1986 in
1636 1954 1784 1986 claustris
1816 1965 1888 1997 per-

369 1970 430 2002 ]›er
455 1959 584 2001 aliquod
616 1958 772 2000 temporis
806 1957 945 2000 spatium
974 1957 1042 2000 pias
1068 1958 1106 1990 ad

371 2013 469 2044 Deum
496 2021 629 2054 preces,
660 2017 695 2042 ut
720 2020 825 2053 supra,
852 2009 1045 2050 effuderint,
1076 2015 1108 2042 et

371 2067 484 2107 quarta
504 2070 535 2097 et
553 2066 640 2096 sexta
666 2063 753 2095 seriis
771 2068 802 2095 et
819 2063 955 2095 sabbato
973 2063 1106 2096 alterius

373 2128 409 2149 cx
440 2117 594 2159 praefatis
627 2116 840 2149 hebdomadis
873 2116 1105 2155 ieiunaverint,

374 2175 425 2208 et,
451 2174 579 2211 peccata
603 2179 658 2201 sua
684 2169 847 2208 confessi,
872 2168 1106 2200 sanctissimum

372 2221 593 2253 Eut.=l1aristiae
620 2226 856 2253 sacramentnm
888 2221 920 2252 in
947 2221 1108 2253 dominica

374 2275 424 2306 die
445 2275 622 2305 innnediate
641 2275 797 2316 sequenti,
815 2275 863 2306 vel
879 2273 940 2306 alia
955 2274 1005 2306 die
1024 2274 1108 2305 intra

375 2327 516 2357 camdem
544 2326 789 2366 hebdomadam,
816 2331 1004 2358 reverenter
1029 2336 1108 2358 sum·

373 2379 509 2421 pserinl,
529 2390 563 2409 ac
584 2379 779 2420 pauperibus
805 2379 945 2421 aliquam
971 2379 1109 2411 eleemo-

374 2442 492 2473 synam,
514 2436 612 2473 prout
629 2431 800 2473 unicuique
819 2430 1027 2473 suggereret¹
1054 2432 1108 2464 de-

374 2482 482 2521 votio,
519 2483 745 2521 erog-‘averium
772 2483 885 2515 ceteris
917 2494 994 2516 vero
1020 2489 1107 2516 extra

411 2546 420 2570 1
444 2544 539 2570 Antius
555 2544 611 2571 lege
632 2547 760 2572 suaderet
781 2548 817 2574 (a.
833 2546 881 2575 T.).

948 172 1128 198 BULLARIUM
1152 171 1303 196 ROMANUM
1884 172 1938 201 An.
1953 172 1984 201 G.
2005 173 2071 204 ¹682

1145 220 1264 252 Urbem
1287 218 1489 263 praedictam
1515 219 1712 263 ubicumque
1737 220 1884 263 degenti-

1144 273 1213 313 bus,
1233 272 1288 316 qui
1309 273 1461 306 ecclesias
1478 275 1518 306 ab
1532 273 1708 307 Ordinariis
1726 275 1881 315 locorum,

1145 326 1195 358 vel
1221 336 1335 358 eorum
1360 325 1498 365 vicariis,
1523 336 1580 359 seu
1604 326 1804 367 officialibus,
1829 332 1885 360 aut

1146 378 1185 410 de
1212 388 1326 410 eorum
1351 378 1515 418 mandato,
1538 383 1578 419 et,
1604 377 1684 421 ipsis
1705 379 1884 412 deficienti-

1145 431 1226 470 bus,
1253 441 1312 473 per
1336 441 1392 464 eos
1421 431 1474 473 qui
1499 431 1544 464 ibi
1569 442 1677 464 curam
1704 431 1883 464 animarum

1147 488 1316 523 exercent,
1344 483 1570 525 designandas,
1598 485 1649 517 vel
1674 484 1883 517 ecclesiarum

1147 536 1333 568 huiusmodi
1350 535 1501 579 aliquam,
1519 536 1623 580 spatio
1641 537 1777 570 duarum
1795 537 1884 569 simi-

1147 588 1221 621 liter
1235 589 1514 621 hebdomadarum
1527 600 1546 622 a
1561 578 1784 632 publicatione
1802 589 1885 622 desi-

1147 640 1308 682 gnationis
1322 651 1381 683 per
1393 640 1592 682 &dinarios
1606 643 1656 674 vel
1675 652 1788 674 eorum
1802 642 1884 676 vica-

1146 693 1222 733 rios,
1238 703 1294 725 seu
1308 693 1473 734 officiales,
1489 694 1540 726 vel
1557 693 1636 726 alios
1651 698 1685 725 ut
1702 694 1884 737 praefertur

1147 745 1311 778 faciendae
1336 746 1588 779 decursurarum
1605 773 1612 786 ‚
1638 747 1752 779 saltem
1783 748 1883 780 semel

1145 797 1353 838 visitaverint,
1369 798 1479 841 ibique
1496 805 1532 831 ut
1548 809 1644 842 supra
1657 799 1831 839 oraverint,
1847 809 1884 832 ac

1146 852 1260 892 quarta
1284 855 1316 882 et
1335 853 1424 883 sexta
1440 851 1527 884 seriis
1552 855 1583 883 et
1599 850 1732 884 sabbato
1750 851 1882 884 alterius

1147 912 1184 934 ex
1209 903 1421 935 hebdomadis
1442 903 1631 936 huiusmodi
1656 903 1882 944 ieiunaverint,

1146 954 1332 997 pariterque
1357 960 1489 998 peccata
1513 966 1572 988 sua
1595 955 1756 996 confessi,
1782 966 1819 988 ac
1849 955 1883 988 in

1147 1007 1198 1040 die
1213 1007 1374 1040 dominica
1387 1007 1572 1041 immediate
1587 1007 1746 1051 sequenti,
1758 1009 1808 1041 vel
1821 1008 1885 1041 alia

1147 1059 1198 1092 die
1233 1060 1318 1092 intra
1350 1061 1498 1093 eamdem
1533 1060 1771 1093 hebdomadam
1803 1071 1880 1093 san-

1146 1112 1290 1144 ctissima
1309 1112 1540 1145 communione
1564 1112 1678 1145 refecti
1703 1112 1833 1152 fuerint,
1852 1117 1885 1145 et

1146 1165 1345 1208 pauperibus
1380 1165 1520 1208 aliquam
1556 1166 1816 1207 eleemosynam,
1849 1170 1885 1197 ut

1146 1217 1386 1260 praemittitur,
1414 1217 1627 1259 erogaverint,
1660 1216 1884 1260 plenissimam

1147 1270 1289 1302 omnium
1315 1274 1521 1312 peccatorum
1554 1279 1685 1301 suorum
1710 1268 1884 1311 indulgen-

1147 1322 1222 1354 tiam
1247 1327 1280 1354 et
1303 1322 1538 1361 remissionem,
1565 1322 1649 1354 sicut
1671 1321 1704 1353 in
1729 1331 1813 1353 anno
1837 1321 1885 1353 iu-

1146 1374 1244 1407 bilaei
1268 1374 1471 1407 visitantibus
1495 1379 1600 1406 certas
1624 1373 1779 1406 ecelesias
1798 1373 1884 1405 intra

1148 1433 1179 1460 et
1198 1432 1288 1460 extra
1305 1427 1424 1460 Urbem
1440 1427 1641 1470 praedictam
1657 1425 1793 1459 concedi
1811 1435 1884 1458 con-

1148 1480 1267 1519 suevit,
1291 1485 1403 1512 tenore
1430 1479 1653 1522 praesentium
1677 1477 1884 1512 concedimus

1147 1532 1356 1567 concedimus
1382 1537 1415 1565 et
1439 1532 1627 1574 elargimur.

1191 1587 1205 1630 ἓ
1230 1586 1260 1619 ⁶2.
1287 1585 1478 1628 Navigantes
1502 1595 1579 1618 vero
1604 1589 1635 1617 et
1657 1583 1719 1617 iter
1738 1588 1882 1627 agentes,
1921 1592 1960 1613 Pro
1975 1593 2076 1619 navigan-

1146 1646 1189 1680 ut,
1208 1651 1279 1673 cum
1300 1640 1442 1683 primum
1467 1639 1506 1671 ad
1531 1648 1589 1671 sua
1612 1648 1646 1670 se
1667 1648 1702 1670 se
1720 1618 2075 1674 domiciliaiiffi'f‘ciiiffll

1146 1692 1359 1735 receperint,
1391 1690 1622 1733 suprascriptis
1652 1689 1818 1733 peractis,
1854 1671 2076 1727 etffiississsiiiiiijiio'

1146 1745 1275 1778 visitata
1299 1743 1649 1778 ecclesiavcathedrali
1680 1743 1731 1776 vel
1763 1742 1885 1776 maiore
1896 1724 2009 1750 'mmmm'

1148 1804 1203 1832 aut
1217 1797 1394 1842 parochiali
1411 1797 1474 1830 loci
1492 1807 1607 1829 eorum
1622 1795 1786 1836 domicilii,
1804 1806 1888 1829 eam-

1149 1853 1222 1884 dem
1247 1851 1485 1893 indulgentiam
1517 1849 1674 1892 consequi
1704 1848 1832 1891 possint
1855 1854 1888 1883 et

1148 1906 1290 1938 valeant:
1316 1903 1520 1946 regularibus
1546 1907 1654 1934 autem
1678 1901 1828 1944 personis
1851 1913 1888 1935 u-

1148 2015 1248 2054 petuo
1274 2008 1477 2051 degentibus,
1503 2017 1632 2039 necnon
1657 2007 1729 2039 aliis
1754 2007 1888 2049 quibus-

1149 2073 1286 2105 cumque
1312 2067 1375 2094 tam
1410 2061 1502 2093 laicis
1540 2070 1635 2103 quam
1660 2059 1889 2093 ecclesiasticis

1150 2115 1371 2148 saecularibus
1396 2115 1446 2146 vel
1472 2113 1688 2155 regularibus
1725 2113 1822 2145 etiam
1855 2112 1889 2145 in

1150 2179 1281 2202 carcere
1307 2173 1361 2200 aut
1385 2166 1568 2210 captivitate
1594 2165 1814 2205 existentibus,
1840 2166 1889 2198 vel

1151 2222 1259 2264 aliqua
1277 2220 1424 2263 corporis
1450 2218 1637 2251 infirmitate
1654 2228 1710 2250 seu
1729 2217 1792 2249 alio
1811 2227 1890 2259 quo-

1151 2283 1287 2315 cumque
1303 2272 1536 2315 impcdimento
1555 2269 1705 2309 detentis,
1722 2269 1776 2312 qui
1794 2279 1891 2312 supra

1152 2336 1316 2368 expressa,
1352 2326 1402 2357 vel
1434 2334 1550 2357 eorum
1579 2323 1688 2365 aliqua
1722 2327 1891 2365 praestare

1151 2378 1364 2421 nequiverint,
1391 2382 1426 2409 ut
1449 2377 1505 2409 illa
1529 2375 1746 2409 confessarius
1773 2385 1809 2407 ex
1827 2374 1890 2407 iam

1151 2431 1340 2474 approbatis
1373 2440 1390 2462 a
1422 2431 1569 2462 locorum
1605 2427 1784 2461 Ordinariis
1816 2432 1891 2463 ante

1151 2483 1375 2527 praesentium
1400 2482 1665 2525 publicationem,
1691 2490 1747 2513 seu
1773 2489 1892 2522 approv

1151 2536 1274 2576 bandis,
1299 2535 1347 2564 eis
1372 2535 1402 2565 in
1430 2534 1491 2565 ¹alia
1516 2533 1645 2576 pietatis
1670 2543 1769 2576 opera
1802 2543 1891 2565 com-
