2111 3157
87 183 137 212 An.
159 183 188 211 C.
211 183 279 211 ¹684

274 232 484 267 cardinalium
502 235 666 270 decretum
686 241 808 270 tenoris
833 237 886 280 qui
905 237 1006 280 sequi-

274 290 335 324 tur,
349 286 500 321 videlicet
516 299 522 320 :
551 301 563 320 α
578 289 671 322 Sacra
687 290 902 333 Congregatio
927 290 1004 322 emi-

271 339 536 374 nentissimorum
561 342 592 375 S.
609 342 645 375 R.
662 343 694 375 E.
715 343 927 375 cardinalium
952 353 1005 375 ne-

270 393 365 434 gotiis
390 399 422 426 et
449 395 743 428 consultationibus
775 396 1000 438 episcoporum

244 450 301 477 .ct
332 447 527 489 regularium
564 449 774 491 praeposita,
808 448 932 481 censuit.
964 459 999 480 ac

268 498 442 532 declaravit
465 500 654 543 relz'yimzcin
681 501 868 535 Clerz'corum
899 501 1000 541 Requ-

268 550 391 584 larium
425 553 611 596 Puuperum
636 554 752 586 Matris
786 553 844 585 Dci
867 552 999 585 Schola-

265 603 353 636 rium
377 604 516 637 Piarum
543 605 684 644 qautlere
700 605 897 647 exerisphone
914 615 934 636 a
951 605 998 636 iu·

265 656 453 690 risdictione
484 657 735 690 Ordinariorum
771 658 928 694 locorum,
961 667 998 689 ac

265 710 413 742 omnibus
433 710 618 753 privz'leqie‘s
648 710 853 753 regyularz'bus
876 710 997 742 Mendi-

264 762 409 795 cantibus
437 764 599 795 concessis.
631 763 751 796 Romae
775 773 827 796 xlv
857 763 993 794 ianuarii

262 825 441 849 MDCLXXXIV
459 828 489 849 io.
507 837 551 841 --
567 817 600 850 G.
619 817 790 851 cardinalis
807 817 992 850 CAItmNtiUS.

262 868 346 901 Loco
366 870 392 911 ·}-
415 869 524 912 sigilli.
552 870 586 903 B.
605 870 816 903 PANciAricus
838 874 991 902 secretar.

96 929 173 951 Preces
191 936 252 961 pratf-
306 922 320 965 ᾗ
345 921 375 954 ⁶2.
395 922 471 956 Cum
489 928 609 961 autem,
628 923 708 954 sicut
726 922 889 965 praefatus
904 932 994 964 prac-

69 958 383 1018 ssi'il'o'niiiiflfs'i'ssposittis
408 976 569 1018 generalis
595 975 690 1008 nobis
715 976 850 1007 subinde
875 975 990 1018 exponi

69 1012 142 1032 ”mum
261 1029 348 1068 sccii,
367 1029 437 1072 ipse
455 1029 622 1061 decretum
642 1027 840 1067 huiusmodi,
861 1038 925 1070 quo
944 1028 993 1059 tir-

260 1082 344 1115 mius
361 1082 512 1115 subsistat
531 1087 562 1114 ct
578 1086 724 1114 servetur
749 1081 902 1121 exactius,
921 1091 992 1124 apo-

259 1136 393 1170 stolicae
418 1135 673 1168 confirmationis
697 1140 829 1168 nostrae
855 1135 992 1177 patroci-

258 1189 314 1222 nio
339 1189 528 1222 communiri
562 1198 771 1231 summopere
806 1187 988 1221 desideret:

258 1251 329 1280 nos,
345 1241 445 1284 ipsius
465 1241 638 1284 praepositi
658 1241 817 1283 generalis
833 1241 915 1273 votis
931 1241 991 1274 liac

257 1294 290 1327 in
315 1305 357 1333 rc,
378 1300 533 1337 quantum
553 1305 623 1326 cum
645 1293 781 1326 Domino
806 1303 988 1336 possumus,

256 1348 473 1381 favorabiliter
497 1357 639 1379 annuere
664 1347 822 1383 volentes.
853 1357 989 1389 eumque

255 1411 273 1433 a
293 1400 458 1443 quibusvis
484 1399 838 1438 cxvoimniinieationis,
856 1410 990 1442 suspen-

256 1454 357 1486 sionis
383 1458 414 1486 ct
438 1453 610 1491 interdicti,
636 1451 773 1495 aliisque
799 1453 990 1486 ecclesiasti-

255 1508 299 1540 cis
325 1507 506 1544 sententiis,
525 1506 672 1538 censuris
691 1511 721 1538 ct
742 1506 867 1548 poenis,
883 1517 899 1538 a
918 1507 987 1541 iure

254 1561 305 1594 vel
319 1560 358 1593 ab
374 1560 514 1595 bomine,
526 1559 634 1602 quavis
649 1559 817 1592 occasione
834 1562 881 1593 rel
893 1563 987 1594 causa

253 1614 335 1652 latis,
355 1613 380 1645 si
402 1612 519 1655 quibus
545 1612 790 1655 quomodolibet
814 1613 986 1647 innodatus

255 1666 370 1703 existit,
392 1665 429 1697 ad
452 1664 597 1697 effectum
622 1665 841 1707 praesentium
866 1667 986 1699 (trinita-

253 1725 304 1751 xat
329 1717 607 1761 consequendum,
632 1718 746 1749 barum
772 1718 855 1751 serie
881 1720 986 1752 absol-

251 1776 362 1804 ventes
380 1776 411 1803 et
428 1771 609 1803 absolutum
630 1771 696 1802 thre
712 1776 892 1809 ccuscntcs,
915 1783 985 1815 sup-

249 1823 480 1867 plicationibus
513 1823 580 1855 cius
614 1823 743 1855 nominc
774 1823 864 1855 nobis
889 1834 985 1867 super

251 1877 315 1910 hoc
340 1876 508 1909 humiliter
525 1875 682 1918 porrectis
700 1875 855 1915 inclinati,
878 1877 985 1910 decre-

252 1935 316 1962 tum
335 1929 582 1972 praeinsertum,
596 1928 981 1971 apostolicaauctoritate,

250 1987 363 2015 tenore
382 1981 612 2025 praesentium,
632 1981 852 2024 approbamus
868 1989 899 2014 et
913 1993 983 2015 con-

247 2035 422 2075 firmamus,
439 2034 552 2077 illique
574 2034 768 2067 inviolabilis
785 2036 982 2077 apostolicae

247 2087 409 2120 firmitatis
434 2087 534 2119 robur
558 2086 741 2126 adiicimus,
760 2087 847 2119 salva
873 2092 980 2120 tamen

246 2150 378 2183 semper
394 2139 427 2171 in
444 2138 632 2182 praemissis
650 2138 840 2172 auctoritate
863 2150 982 2173 memo-

249 2200 337 2227 ratae
363 2192 630 2235 Congregationis
655 2192 878 2226 cardinalium.

84 2246 198 2268 0¹³1¹⁵⁰¹³⁰·
291 2247 306 2290 ἓ
329 2246 360 2280 3.
386 2246 606 2280 Decernentes
633 2245 763 2278 easdem
791 2252 982 2288 praesentes

244 2300 369 2337 litteras
393 2309 523 2341 semper
546 2297 661 2337 sirmas,
679 2298 801 2330 validas
825 2304 858 2331 et
881 2299 984 2332 ostica-

247 2363 299 2385 ces
326 2352 466 2386 existere
491 2357 523 2384 et
551 2351 628 2390 sore,
647 2360 790 2394 suosque
814 2353 982 2394 plenarios

246 2411 280 2437 et
302 2404 447 2447 integros
471 2403 604 2437 effecius
629 2403 740 2436 sortiri
766 2408 797 2436 et
822 2405 980 2445 obtinere,

245 2467 282 2493 ac
305 2457 344 2489 ab
361 2457 437 2497 illis,
454 2457 494 2490 ad
512 2467 593 2500 quos
615 2460 743 2499 spectat
767 2460 799 2488 et
823 2467 882 2499 pro
901 2462 981 2491 tem-

246 2519 326 2552 pore
350 2510 520 2553 spectabit,
544 2509 576 2543 in
602 2509 751 2543 omnibus
777 2515 807 2543 et
831 2520 890 2553 per
914 2521 980 2545 om-

245 2561 298 2597 nia
322 2562 512 2604 plenissime
538 2561 715 2605 suffragari,
738 2567 770 2596 et
793 2563 833 2596 ab
858 2563 904 2597 eis
928 2574 979 2598 re-

871 189 1082 214 INNOCENTIUS
1102 190 1133 214 XI
1158 190 1206 215 PP.

1682 181 1745 214 5⁶27
1791 190 1839 217 An.
1856 190 1884 218 c.
1907 193 1972 221 insi

1046 238 1187 280 spectivc
1211 238 1443 272 inviolabiliter
1467 239 1642 279 observari,
1667 239 1779 282 sicque

1045 289 1076 321 in
1109 291 1295 333 praemissis
1320 301 1378 334 per
1401 301 1625 334 quoscumque
1656 291 1779 324 iudices

1044 343 1225 377 ordinarios
1242 351 1274 377 ct
1294 346 1472 388 delegatos,
1496 345 1593 378 etiam
1611 355 1778 377 causarum

1043 396 1153 436 palatii
1179 398 1351 439 apostolici
1380 397 1557 437 auditores,
1587 397 1723 431 iudicari
1746 403 1779 430 ct

1043 447 1171 480 deliniri
1193 450 1333 489 debore,
1361 461 1397 483 ac
1424 450 1551 482 irritum
1576 456 1609 483 et
1634 450 1730 482 inane
1749 450 1775 482 si

1041 510 1137 532 secus
1162 511 1263 544 super
1278 502 1328 534 his
1354 513 1371 534 a
1398 513 1573 546 quoquam,
1591 503 1702 546 quavis
1720 514 1775 536 au-

1041 552 1201 591 ctoritate,
1227 554 1372 597 scienter
1401 557 1450 588 vel
1473 555 1675 597 ignoranter,
1697 567 1775 589 con-

1042 604 1149 646 tigerit
1175 608 1341 640 attentari.
1361 608 1429 642 Non
1455 610 1657 642 obstantibus
1682 620 1774 651 prac-

1040 655 1164 696 mle-sis,
1194 669 1229 691 ac
1260 660 1546 693 constitutionibus
1580 667 1611 694 ct
1643 662 1774 695 ordina-

1038 709 1177 743 tionibus
1202 712 1391 755 apostolicis
1408 739 1415 753 ‚
1441 714 1620 757 ceterisque
1645 721 1773 748 contra-

1038 761 1091 794 riis
1107 764 1378 808 quibuscumque.

1080 816 1093 857 ξ
1119 816 1150 848 4.
1188 817 1344 850 Volumus
1377 824 1485 852 autem
1516 824 1551 852 ut
1583 822 1769 854 earumdem

1035 870 1252 910 praesentium
1274 870 1453 904 litterarum
1472 873 1690 916 transumptis,
1712 885 1770 907 scu

1037 922 1203 964 exemplis,
1221 923 1315 956 etiam
1333 924 1511 967 impressis,
1526 935 1621 958 manu
1637 926 1770 960 alicuius

1035 974 1152 1006 notarii
1169 975 1289 1017 publici
1308 976 1510 1019 subscriptis,
1529 984 1561 1010 et
1578 978 1685 1021 sigillo
1702 991 1771 1023 per·

1033 1036 1133 1059 sonae
1150 1027 1183 1059 in
1201 1029 1417 1061 ecclesiastica
1442 1030 1598 1072 dignitate
1616 1033 1770 1065 constitu-

1035 1085 1083 1112 tae
1103 1081 1245 1120 n‘iunitis,
1263 1082 1375 1114 eadem
1393 1084 1527 1125 prorsu's
1546 1084 1626 1117 fides
1648 1086 1767 1129 ubique

1035 1137 1096 1164 tam
1116 1132 1147 1165 iu
1162 1133 1282 1166 iudicio
1295 1144 1390 1176 quam
1400 1141 1488 1168 extra
1502 1135 1582 1169 illud
1593 1137 1766 1179 habeatur,

1033 1196 1115 1228 quae
1130 1186 1210 1228 ipsis
1228 1187 1455 1229 praesentibus
1479 1189 1657 1222 haberetur
1677 1191 1702 1223 si
1721 1192 1767 1225 so-

1033 1244 1106 1272 rcnt
1126 1239 1291 1272 exhibitae
1309 1241 1359 1273 vel
1378 1246 1541 1275 ostensae.

1074 1291 1187 1324 Datum
1202 1292 1332 1332 Romae,
1348 1294 1433 1336 apud
1445 1294 1476 1327 S.
1489 1294 1627 1336 Petrum,
1639 1297 1696 1329 sub
1711 1307 1767 1331 an-

1031 1346 1107 1378 nulo
1122 1345 1366 1384 Piscat01·1s,die
1381 1357 1437 1380 x111
1451 1348 1556 1380 martii
1573 1358 1763 1392 iinctxxx1v‚

1030 1397 1238 1441 pontificatus
1264 1399 1366 1431 nostri
1391 1410 1476 1432 anno
1501 1411 1569 1434 vul.

1064 1460 1127 1486 Dat.
1149 1459 1192 1487 die
1215 1459 1245 1487 13
1263 1460 1352 1487 martii
1372 1461 1451 1493 1684,
1470 1462 1566 1496 pontif.
1583 1471 1627 1490 an.
1644 1470 1699 1491 vttt.

1821 833 1882 853 Fidus
1907 837 1963 856 tran·

1781 863 1916 885 sutnptuium.

1308 1602 1477 1636 CXXXVII.

1030 1681 1270 1721 Confirnmnlnr
1294 1682 1514 1714 conventiones
1547 1683 1648 1717 initae
1678 1686 1762 1719 inter

1069 1734 1186 1776 [rueres
1200 1734 1337 1766 Minores
1355 1734 1392 1766 dc
1407 1734 1616 1768 Obseruantia
1637 1742 1664 1770 el
1685 1739 1760 1771 Con-

1070 1786 1234 1818 rentualcs
1272 1787 1406 1819 Ordinis
1446 1789 1551 1820 samu?
1592 1790 1761 1824 Francz'sct'

1069 1839 1154 1871 circu
1178 1840 1360 1882 primulum
1384 1841 1419 1872 in
1440 1842 1694 1883 processionibus
1718 1854 1757 1877 a-

1070 1892 1190 1934 liisque
1212 1891 1449 1933 funclimzibns.

1213 1972 1406 1999 Innocentius
1427 1973 1506 2006 Papa
1525 1974 1573 2008 XI,

1163 2016 1199 2043 ad
1219 2016 1351 2043 futuram
1370 2017 1415 2044 rei
1434 2018 1615 2045 memoriam.

1067 2086 1081 2128 ξ
1107 2086 1132 2118 l.
1152 2086 1276 2129 Exponi
1295 2087 1388 2119 nobis
1406 2097 1513 2130 nuper
1529 2088 1755 2125 secitdilcctus
1777 2100 1880 2128 <Species
1894 2101 1951 2123 sacu.

1025 2138 1108 2171 silius
1134 2139 1311 2171 modernus
1331 2139 1477 2172 minister
1491 2142 1652 2183 generalis
1669 2143 1745 2177 Ordi

1025 2192 1073 2224 nis
1104 2192 1235 2224 fratrum
1267 2192 1423 2225 Miuorum
1459 2194 1560 2227 sancti
1592 2195 1755 2230 Francisci

1023 2245 1291 2278 Conventualium
1327 2252 1589 2289 nuncupatorum
1605 2275 1612 2289 ,
1647 2251 1754 2292 quod,

1024 2309 1095 2331 cum
1119 2299 1151 2330 in
1169 2298 1294 2331 civitate
1316 2299 1539 2340 Aversanensi,
1557 2300 1626 2334 eius
1641 2303 1754 2346 patria,

1023 2351 1135 2383 fratres
1152 2351 1290 2384 Minores
1308 2351 1464 2385 Ordinum
1483 2353 1629 2388 eiusdem
1654 2356 1754 2389 sancti

1023 2403 1183 2436 Francisci
1200 2409 1261 2436 tam
1276 2404 1315 2436 de
1331 2403 1541 2438 Observantia
1560 2417 1654 2449 quam
1679 2407 1755 2441 Cou-

1021 2458 1182 2490 ventuales
1207 2458 1383 2500 nuncupati
1409 2458 1441 2491 in
1465 2459 1604 2502 publicis
1623 2471 1753 2504 proces-

1021 2510 1166 2544 sionibus
1192 2510 1344 2550 insimul,
1363 2522 1428 2545 uno
1451 2512 1581 2554 quidem
1601 2514 1695 2547 fratrc
1715 2516 1753 2548 dc

1020 2562 1227 2597 Observantia
1244 2563 1282 2596 ad
1297 2563 1451 2605 dextram,
1465 2564 1566 2599 altero
1584 2576 1660 2600 vcro
1677 2566 1753 2603 Con-
