<?xml version="1.0" encoding="UTF-8"?>
<!DOCTYPE html PUBLIC "-//W3C//DTD XHTML 1.0 Transitional//EN"
    "http://www.w3.org/TR/xhtml1/DTD/xhtml1-transitional.dtd">
<html xmlns="http://www.w3.org/1999/xhtml" xml:lang="en" lang="en">
 <head>
  <title>
</title>
<meta http-equiv="Content-Type" content="text/html;charset=utf-8" />
  <meta name='ocr-system' content='tesseract 3.04.00' />
  <meta name='ocr-capabilities' content='ocr_page ocr_carea ocr_par ocr_line ocrx_word'/>
</head>
<body>
  <div class='ocr_page' id='page_1' title='image "./bullarumdiplomat19cath_0921.png"; bbox 0 0 2111 3157; ppageno 0'>
   <div class='ocr_carea' id='block_1_1' title="bbox 12 240 198 272">
    <p class='ocr_par' dir='ltr' id='par_1_1' title="bbox 12 240 198 272">
     <span class='ocr_line' id='line_1_1' title="bbox 12 240 198 272; baseline -0.016 -1"><span class='ocrx_word' id='word_1_1' title='bbox 12 240 64 271; x_wconf 68' lang='grc' dir='ltr'>Ἀπἰ.</span> <span class='ocrx_word' id='word_1_2' title='bbox 78 241 108 272; x_wconf 79' lang='lat' dir='ltr'>C.</span> <span class='ocrx_word' id='word_1_3' title='bbox 132 240 198 269; x_wconf 76' lang='lat'>1688</span> 
     </span>
    </p>
   </div>
   <div class='ocr_carea' id='block_1_2' title="bbox 792 244 1131 269">
    <p class='ocr_par' dir='ltr' id='par_1_2' title="bbox 792 244 1131 269">
     <span class='ocr_line' id='line_1_2' title="bbox 792 244 1131 269; baseline 0.003 -1"><span class='ocrx_word' id='word_1_4' title='bbox 792 244 1003 268; x_wconf 76' lang='lat' dir='ltr'>tNNOCEN&#39;rtt&#39;S</span> <span class='ocrx_word' id='word_1_5' title='bbox 1027 246 1057 269; x_wconf 73' lang='lat' dir='ltr'>x‘l</span> <span class='ocrx_word' id='word_1_6' title='bbox 1082 246 1131 269; x_wconf 68' lang='lat'>1⁸1³.</span> 
     </span>
    </p>
   </div>
   <div class='ocr_carea' id='block_1_3' title="bbox 198 289 939 2539">
    <p class='ocr_par' dir='ltr' id='par_1_3' title="bbox 201 289 939 860">
     <span class='ocr_line' id='line_1_3' title="bbox 204 289 935 334; baseline 0.003 -12"><span class='ocrx_word' id='word_1_7' title='bbox 204 289 389 323; x_wconf 85' lang='lat' dir='ltr'>dicendum.</span> <span class='ocrx_word' id='word_1_8' title='bbox 422 290 468 323; x_wconf 83' lang='lat' dir='ltr'>Ad</span> <span class='ocrx_word' id='word_1_9' title='bbox 501 289 674 334; x_wconf 84' lang='lat' dir='ltr'>matutinas</span> <span class='ocrx_word' id='word_1_10' title='bbox 709 291 749 324; x_wconf 90' lang='lat' dir='ltr'>de</span> <span class='ocrx_word' id='word_1_11' title='bbox 780 291 935 331; x_wconf 73' lang='lat' dir='ltr'>Domina,</span> 
     </span>
     <span class='ocr_line' id='line_1_4' title="bbox 205 343 939 387; baseline 0.001 -11"><span class='ocrx_word' id='word_1_12' title='bbox 205 343 310 386; x_wconf 83' lang='lat' dir='ltr'>primo</span> <span class='ocrx_word' id='word_1_13' title='bbox 334 344 442 377; x_wconf 87' lang='lat' dir='ltr'>dicant</span> <span class='ocrx_word' id='word_1_14' title='bbox 465 345 555 377; x_wconf 73' lang='lat' dir='ltr'>flexis</span> <span class='ocrx_word' id='word_1_15' title='bbox 581 345 718 387; x_wconf 84' lang='lat' dir='ltr'><strong>genibus</strong></span> <span class='ocrx_word' id='word_1_16' title='bbox 743 351 773 378; x_wconf 88' lang='lat' dir='ltr'>et</span> <span class='ocrx_word' id='word_1_17' title='bbox 793 356 863 377; x_wconf 88' lang='lat' dir='ltr'>cum</span> <span class='ocrx_word' id='word_1_18' title='bbox 887 356 939 377; x_wconf 88' lang='lat' dir='ltr'>ve-</span> 
     </span>
     <span class='ocr_line' id='line_1_5' title="bbox 204 396 937 437; baseline 0 -8"><span class='ocrx_word' id='word_1_19' title='bbox 204 396 258 429; x_wconf 76' lang='lat' dir='ltr'>nia</span> <span class='ocrx_word' id='word_1_20' title='bbox 281 397 380 431; x_wconf 76' lang='lat' dir='ltr'>semet</span> <span class='ocrx_word' id='word_1_21' title='bbox 405 397 505 431; x_wconf 81' lang='lat' dir='ltr'>Pater</span> <span class='ocrx_word' id='word_1_22' title='bbox 527 402 634 431; x_wconf 78' lang='lat' dir='ltr'>noster</span> <span class='ocrx_word' id='word_1_23' title='bbox 659 403 690 430; x_wconf 88' lang='lat' dir='ltr'>et</span> <span class='ocrx_word' id='word_1_24' title='bbox 718 398 785 431; x_wconf 85' lang='lat' dir='ltr'>Ave</span> <span class='ocrx_word' id='word_1_25' title='bbox 803 398 911 430; x_wconf 77' lang='lat' dir='ltr'>Maria</span> <span class='ocrx_word' id='word_1_26' title='bbox 924 408 937 437; x_wconf 80' lang='lat'>,·</span> 
     </span>
     <span class='ocr_line' id='line_1_6' title="bbox 204 448 937 492; baseline 0 -11"><span class='ocrx_word' id='word_1_27' title='bbox 204 448 322 482; x_wconf 86' lang='lat' dir='ltr'>deinde</span> <span class='ocrx_word' id='word_1_28' title='bbox 340 455 475 492; x_wconf 81' lang='lat' dir='ltr'>surgant</span> <span class='ocrx_word' id='word_1_29' title='bbox 492 455 524 482; x_wconf 88' lang='lat' dir='ltr'>et</span> <span class='ocrx_word' id='word_1_30' title='bbox 540 449 659 483; x_wconf 81' lang='lat' dir='ltr'>saciant</span> <span class='ocrx_word' id='word_1_31' title='bbox 678 450 807 492; x_wconf 89' lang='lat' dir='ltr'>signum</span> <span class='ocrx_word' id='word_1_32' title='bbox 825 449 937 488; x_wconf 81' lang='lat' dir='ltr'>crucis,</span> 
     </span>
     <span class='ocr_line' id='line_1_7' title="bbox 204 501 939 545; baseline -0.001 -11"><span class='ocrx_word' id='word_1_33' title='bbox 204 506 236 534; x_wconf 88' lang='lat' dir='ltr'>et</span> <span class='ocrx_word' id='word_1_34' title='bbox 258 501 434 543; x_wconf 69' lang='lat' dir='ltr'>iiielinent;</span> <span class='ocrx_word' id='word_1_35' title='bbox 454 508 566 545; x_wconf 88' lang='lat' dir='ltr'>postea</span> <span class='ocrx_word' id='word_1_36' title='bbox 591 504 688 536; x_wconf 89' lang='lat' dir='ltr'>erecti</span> <span class='ocrx_word' id='word_1_37' title='bbox 714 503 822 535; x_wconf 86' lang='lat' dir='ltr'>dicant</span> <span class='ocrx_word' id='word_1_38' title='bbox 837 501 939 544; x_wconf 79' lang='lat' dir='ltr'>vigin-</span> 
     </span>
     <span class='ocr_line' id='line_1_8' title="bbox 203 554 939 588; baseline -0.001 -1"><span class='ocrx_word' id='word_1_39' title='bbox 203 554 309 587; x_wconf 75' lang='lat' dir='ltr'>tiduos</span> <span class='ocrx_word' id='word_1_40' title='bbox 332 555 432 588; x_wconf 78' lang='lat' dir='ltr'>Pater</span> <span class='ocrx_word' id='word_1_41' title='bbox 451 560 557 587; x_wconf 76' lang='lat' dir='ltr'>noster</span> <span class='ocrx_word' id='word_1_42' title='bbox 580 561 612 588; x_wconf 91' lang='lat' dir='ltr'>et</span> <span class='ocrx_word' id='word_1_43' title='bbox 635 555 769 588; x_wconf 88' lang='lat' dir='ltr'>totidem</span> <span class='ocrx_word' id='word_1_44' title='bbox 789 555 855 588; x_wconf 76' lang='lat' dir='ltr'>Ave</span> <span class='ocrx_word' id='word_1_45' title='bbox 872 554 939 586; x_wconf 88' lang='lat' dir='ltr'>Ma-</span> 
     </span>
     <span class='ocr_line' id='line_1_9' title="bbox 201 607 939 649; baseline -0.001 -10"><span class='ocrx_word' id='word_1_46' title='bbox 201 608 257 640; x_wconf 75' lang='lat' dir='ltr'>ria</span> <span class='ocrx_word' id='word_1_47' title='bbox 281 614 313 641; x_wconf 86' lang='lat' dir='ltr'>ct</span> <span class='ocrx_word' id='word_1_48' title='bbox 336 607 451 642; x_wconf 78' lang='lat' dir='ltr'><em>Gloria</em></span> <span class='ocrx_word' id='word_1_49' title='bbox 466 609 572 648; x_wconf 62' lang='lat' dir='ltr'>Palii,</span> <span class='ocrx_word' id='word_1_50' title='bbox 590 618 661 641; x_wconf 90' lang='lat' dir='ltr'>eum</span> <span class='ocrx_word' id='word_1_51' title='bbox 687 608 780 640; x_wconf 78' lang='lat' dir='ltr'>venia</span> <span class='ocrx_word' id='word_1_52' title='bbox 795 607 845 639; x_wconf 89' lang='lat' dir='ltr'>vel</span> <span class='ocrx_word' id='word_1_53' title='bbox 864 617 939 649; x_wconf 85' lang='lat' dir='ltr'>sup-</span> 
     </span>
     <span class='ocr_line' id='line_1_10' title="bbox 202 660 937 703; baseline -0.003 -10"><span class='ocrx_word' id='word_1_54' title='bbox 202 660 398 703; x_wconf 69' lang='lat' dir='ltr'>plicatione,</span> <span class='ocrx_word' id='word_1_55' title='bbox 430 661 608 693; x_wconf 91' lang='lat' dir='ltr'>secundum</span> <span class='ocrx_word' id='word_1_56' title='bbox 635 665 784 703; x_wconf 88' lang='lat' dir='ltr'>tempus·,</span> <span class='ocrx_word' id='word_1_57' title='bbox 819 660 937 692; x_wconf 91' lang='lat' dir='ltr'>deinde</span> 
     </span>
     <span class='ocr_line' id='line_1_11' title="bbox 202 712 938 756; baseline -0.003 -11"><span class='ocrx_word' id='word_1_58' title='bbox 202 712 401 756; x_wconf 79' lang='lat' dir='ltr'>subiungant</span> <span class='ocrx_word' id='word_1_59' title='bbox 433 714 534 746; x_wconf 89' lang='lat' dir='ltr'>semel</span> <span class='ocrx_word' id='word_1_60' title='bbox 565 712 666 746; x_wconf 79' lang='lat' dir='ltr'>Pater</span> <span class='ocrx_word' id='word_1_61' title='bbox 689 716 794 744; x_wconf 74' lang='lat' dir='ltr'>noster</span> <span class='ocrx_word' id='word_1_62' title='bbox 818 717 849 744; x_wconf 91' lang='lat' dir='ltr'>et</span> <span class='ocrx_word' id='word_1_63' title='bbox 872 712 938 744; x_wconf 83' lang='lat' dir='ltr'>Ave</span> 
     </span>
     <span class='ocr_line' id='line_1_12' title="bbox 201 765 937 808; baseline -0.001 -11"><span class='ocrx_word' id='word_1_64' title='bbox 201 765 311 798; x_wconf 82' lang='lat' dir='ltr'>Maria</span> <span class='ocrx_word' id='word_1_65' title='bbox 342 775 402 808; x_wconf 87' lang='lat' dir='ltr'>pro</span> <span class='ocrx_word' id='word_1_66' title='bbox 433 767 569 798; x_wconf 73' lang='lat' dir='ltr'>collecta</span> <span class='ocrx_word' id='word_1_67' title='bbox 601 765 737 807; x_wconf 82' lang='lat' dir='ltr'><strong>genibus</strong></span> <span class='ocrx_word' id='word_1_68' title='bbox 768 765 858 797; x_wconf 74' lang='lat' dir='ltr'>flexis</span> <span class='ocrx_word' id='word_1_69' title='bbox 888 765 937 797; x_wconf 90' lang='lat' dir='ltr'>vel</span> 
     </span>
     <span class='ocr_line' id='line_1_13' title="bbox 201 817 934 860; baseline 0 -11"><span class='ocrx_word' id='word_1_70' title='bbox 201 827 301 860; x_wconf 83' lang='lat' dir='ltr'>super</span> <span class='ocrx_word' id='word_1_71' title='bbox 332 818 553 851; x_wconf 78' lang='lat' dir='ltr'>misericordia</span> <span class='ocrx_word' id='word_1_72' title='bbox 581 817 758 850; x_wconf 86' lang='lat' dir='ltr'>secundum</span> <span class='ocrx_word' id='word_1_73' title='bbox 796 822 934 860; x_wconf 77' lang='lat' dir='ltr'>tempus.</span> 
     </span>
    </p>

    <p class='ocr_par' dir='ltr' id='par_1_4' title="bbox 198 869 938 1703">
     <span class='ocr_line' id='line_1_14' title="bbox 244 869 935 909; baseline -0.004 -6"><span class='ocrx_word' id='word_1_74' title='bbox 244 880 315 903; x_wconf 83' lang='lat' dir='ltr'>vui.</span> <span class='ocrx_word' id='word_1_75' title='bbox 342 870 375 902; x_wconf 83' lang='lat' dir='ltr'>in</span> <span class='ocrx_word' id='word_1_76' title='bbox 400 870 566 903; x_wconf 80' lang='lat' dir='ltr'>matutinis</span> <span class='ocrx_word' id='word_1_77' title='bbox 593 880 670 902; x_wconf 90' lang='lat' dir='ltr'>vero</span> <span class='ocrx_word' id='word_1_78' title='bbox 696 869 768 909; x_wconf 88' lang='lat' dir='ltr'>diei,</span> <span class='ocrx_word' id='word_1_79' title='bbox 791 869 935 902; x_wconf 84' lang='lat' dir='ltr'>inclinati</span> 
     </span>
     <span class='ocr_line' id='line_1_15' title="bbox 202 921 936 966; baseline -0.001 -12"><span class='ocrx_word' id='word_1_80' title='bbox 202 928 333 962; x_wconf 80' lang='lat' dir='ltr'>tantum,</span> <span class='ocrx_word' id='word_1_81' title='bbox 352 923 481 966; x_wconf 87' lang='lat' dir='ltr'>quando</span> <span class='ocrx_word' id='word_1_82' title='bbox 501 923 593 955; x_wconf 83' lang='lat' dir='ltr'>venia</span> <span class='ocrx_word' id='word_1_83' title='bbox 610 933 676 955; x_wconf 90' lang='lat' dir='ltr'>non</span> <span class='ocrx_word' id='word_1_84' title='bbox 694 921 840 960; x_wconf 79' lang='lat' dir='ltr'>sumitur,</span> <span class='ocrx_word' id='word_1_85' title='bbox 860 922 936 954; x_wconf 83' lang='lat' dir='ltr'>alias</span> 
     </span>
     <span class='ocr_line' id='line_1_16' title="bbox 201 974 938 1018; baseline -0.003 -10"><span class='ocrx_word' id='word_1_86' title='bbox 201 975 228 1008; x_wconf 86' lang='lat' dir='ltr'>si</span> <span class='ocrx_word' id='word_1_87' title='bbox 253 975 411 1015; x_wconf 78' lang='lat' dir='ltr'>sumitur,</span> <span class='ocrx_word' id='word_1_88' title='bbox 435 985 533 1018; x_wconf 85' lang='lat' dir='ltr'>super</span> <span class='ocrx_word' id='word_1_89' title='bbox 566 975 686 1008; x_wconf 78' lang='lat' dir='ltr'>formas</span> <span class='ocrx_word' id='word_1_90' title='bbox 712 976 814 1007; x_wconf 92' lang='lat' dir='ltr'>semel</span> <span class='ocrx_word' id='word_1_91' title='bbox 838 974 938 1008; x_wconf 79' lang='lat' dir='ltr'>Pater</span> 
     </span>
     <span class='ocr_line' id='line_1_17' title="bbox 199 1027 936 1069; baseline -0.003 -8"><span class='ocrx_word' id='word_1_92' title='bbox 199 1033 308 1061; x_wconf 74' lang='lat' dir='ltr'>noster</span> <span class='ocrx_word' id='word_1_93' title='bbox 330 1034 363 1061; x_wconf 90' lang='lat' dir='ltr'>ct</span> <span class='ocrx_word' id='word_1_94' title='bbox 386 1028 454 1061; x_wconf 81' lang='lat' dir='ltr'>Ave</span> <span class='ocrx_word' id='word_1_95' title='bbox 476 1028 586 1060; x_wconf 85' lang='lat' dir='ltr'>Maria</span> <span class='ocrx_word' id='word_1_96' title='bbox 610 1038 682 1061; x_wconf 88' lang='lat' dir='ltr'>cum</span> <span class='ocrx_word' id='word_1_97' title='bbox 707 1029 822 1069; x_wconf 71' lang='lat' dir='ltr'>magna</span> <span class='ocrx_word' id='word_1_98' title='bbox 843 1027 936 1060; x_wconf 87' lang='lat' dir='ltr'>devo-</span> 
     </span>
     <span class='ocr_line' id='line_1_18' title="bbox 201 1079 937 1118; baseline -0.004 -4"><span class='ocrx_word' id='word_1_99' title='bbox 201 1081 289 1114; x_wconf 81' lang='lat' dir='ltr'>tione</span> <span class='ocrx_word' id='word_1_100' title='bbox 313 1086 344 1113; x_wconf 91' lang='lat' dir='ltr'>et</span> <span class='ocrx_word' id='word_1_101' title='bbox 369 1080 549 1112; x_wconf 80' lang='lat' dir='ltr'>attentione</span> <span class='ocrx_word' id='word_1_102' title='bbox 574 1080 699 1118; x_wconf 87' lang='lat' dir='ltr'>dicant;</span> <span class='ocrx_word' id='word_1_103' title='bbox 725 1079 842 1112; x_wconf 92' lang='lat' dir='ltr'>deinde</span> <span class='ocrx_word' id='word_1_104' title='bbox 868 1089 937 1111; x_wconf 90' lang='lat' dir='ltr'>ere-</span> 
     </span>
     <span class='ocr_line' id='line_1_19' title="bbox 200 1132 936 1174; baseline -0.003 -9"><span class='ocrx_word' id='word_1_105' title='bbox 200 1133 242 1166; x_wconf 89' lang='lat' dir='ltr'>cti</span> <span class='ocrx_word' id='word_1_106' title='bbox 269 1133 414 1165; x_wconf 86' lang='lat' dir='ltr'>camdeni</span> <span class='ocrx_word' id='word_1_107' title='bbox 449 1132 628 1165; x_wconf 83' lang='lat' dir='ltr'>orationem</span> <span class='ocrx_word' id='word_1_108' title='bbox 662 1132 764 1165; x_wconf 81' lang='lat' dir='ltr'>sexies</span> <span class='ocrx_word' id='word_1_109' title='bbox 788 1137 936 1174; x_wconf 75' lang='lat' dir='ltr'>repetant</span> 
     </span>
     <span class='ocr_line' id='line_1_20' title="bbox 199 1185 935 1229; baseline -0.003 -10"><span class='ocrx_word' id='word_1_110' title='bbox 199 1186 291 1219; x_wconf 82' lang='lat' dir='ltr'>ssexis</span> <span class='ocrx_word' id='word_1_111' title='bbox 315 1186 452 1228; x_wconf 79' lang='lat' dir='ltr'>genibus</span> <span class='ocrx_word' id='word_1_112' title='bbox 483 1196 542 1229; x_wconf 92' lang='lat' dir='ltr'>per</span> <span class='ocrx_word' id='word_1_113' title='bbox 574 1186 719 1227; x_wconf 84' lang='lat' dir='ltr'>singulas</span> <span class='ocrx_word' id='word_1_114' title='bbox 751 1185 935 1228; x_wconf 87' lang='lat' dir='ltr'>supplican-</span> 
     </span>
     <span class='ocr_line' id='line_1_21' title="bbox 199 1237 934 1277; baseline -0.001 -7"><span class='ocrx_word' id='word_1_115' title='bbox 199 1244 247 1271; x_wconf 90' lang='lat' dir='ltr'>tes</span> <span class='ocrx_word' id='word_1_116' title='bbox 278 1244 310 1271; x_wconf 91' lang='lat' dir='ltr'>et</span> <span class='ocrx_word' id='word_1_117' title='bbox 341 1237 455 1272; x_wconf 77' lang='lat' dir='ltr'>Gloria</span> <span class='ocrx_word' id='word_1_118' title='bbox 486 1238 585 1271; x_wconf 81' lang='lat' dir='ltr'>Patri</span> <span class='ocrx_word' id='word_1_119' title='bbox 614 1238 784 1277; x_wconf 85' lang='lat' dir='ltr'>dicentes;</span> <span class='ocrx_word' id='word_1_120' title='bbox 817 1237 934 1269; x_wconf 84' lang='lat' dir='ltr'>deinde</span> 
     </span>
     <span class='ocr_line' id='line_1_22' title="bbox 200 1291 935 1333; baseline -0.003 -9"><span class='ocrx_word' id='word_1_121' title='bbox 200 1293 353 1325; x_wconf 84' lang='lat' dir='ltr'>sedentes</span> <span class='ocrx_word' id='word_1_122' title='bbox 372 1292 517 1324; x_wconf 81' lang='lat' dir='ltr'>eamdem</span> <span class='ocrx_word' id='word_1_123' title='bbox 535 1291 715 1324; x_wconf 87' lang='lat' dir='ltr'>orationem</span> <span class='ocrx_word' id='word_1_124' title='bbox 733 1291 844 1333; x_wconf 83' lang='lat' dir='ltr'>viginti</span> <span class='ocrx_word' id='word_1_125' title='bbox 862 1291 935 1323; x_wconf 87' lang='lat' dir='ltr'>dua-</span> 
     </span>
     <span class='ocr_line' id='line_1_23' title="bbox 200 1344 935 1387; baseline -0.004 -10"><span class='ocrx_word' id='word_1_126' title='bbox 200 1345 261 1377; x_wconf 87' lang='lat' dir='ltr'>bus</span> <span class='ocrx_word' id='word_1_127' title='bbox 279 1344 399 1377; x_wconf 87' lang='lat' dir='ltr'>vicibus</span> <span class='ocrx_word' id='word_1_128' title='bbox 425 1349 590 1387; x_wconf 58' lang='lat' dir='ltr'>repetant,</span> <span class='ocrx_word' id='word_1_129' title='bbox 616 1349 647 1376; x_wconf 89' lang='lat' dir='ltr'>et</span> <span class='ocrx_word' id='word_1_130' title='bbox 671 1349 782 1386; x_wconf 90' lang='lat' dir='ltr'>postea</span> <span class='ocrx_word' id='word_1_131' title='bbox 799 1353 935 1385; x_wconf 83' lang='lat' dir='ltr'>surgen-</span> 
     </span>
     <span class='ocr_line' id='line_1_24' title="bbox 199 1395 934 1438; baseline -0.004 -9"><span class='ocrx_word' id='word_1_132' title='bbox 199 1403 248 1430; x_wconf 83' lang='lat' dir='ltr'>tes</span> <span class='ocrx_word' id='word_1_133' title='bbox 281 1397 426 1430; x_wconf 88' lang='lat' dir='ltr'>eamdem</span> <span class='ocrx_word' id='word_1_134' title='bbox 454 1407 524 1428; x_wconf 91' lang='lat' dir='ltr'>cum</span> <span class='ocrx_word' id='word_1_135' title='bbox 550 1395 785 1438; x_wconf 79' lang='lat' dir='ltr'>supplicatione</span> <span class='ocrx_word' id='word_1_136' title='bbox 807 1401 839 1427; x_wconf 91' lang='lat' dir='ltr'>et</span> <span class='ocrx_word' id='word_1_137' title='bbox 860 1395 934 1427; x_wconf 81' lang='lat' dir='ltr'>Glo-</span> 
     </span>
     <span class='ocr_line' id='line_1_25' title="bbox 198 1448 932 1490; baseline -0.004 -8"><span class='ocrx_word' id='word_1_138' title='bbox 198 1450 251 1482; x_wconf 68' lang='lat' dir='ltr'>ria</span> <span class='ocrx_word' id='word_1_139' title='bbox 274 1450 373 1482; x_wconf 76' lang='lat' dir='ltr'>Patri</span> <span class='ocrx_word' id='word_1_140' title='bbox 403 1450 507 1482; x_wconf 81' lang='lat' dir='ltr'>sexies</span> <span class='ocrx_word' id='word_1_141' title='bbox 541 1449 679 1487; x_wconf 88' lang='lat' dir='ltr'>iterent;</span> <span class='ocrx_word' id='word_1_142' title='bbox 710 1460 744 1481; x_wconf 90' lang='lat' dir='ltr'>ac</span> <span class='ocrx_word' id='word_1_143' title='bbox 777 1448 932 1490; x_wconf 79' lang='lat' dir='ltr'>deinceps</span> 
     </span>
     <span class='ocr_line' id='line_1_26' title="bbox 199 1501 932 1544; baseline -0.001 -10"><span class='ocrx_word' id='word_1_144' title='bbox 199 1502 232 1535; x_wconf 92' lang='lat' dir='ltr'>in</span> <span class='ocrx_word' id='word_1_145' title='bbox 257 1502 371 1534; x_wconf 88' lang='lat' dir='ltr'>stando</span> <span class='ocrx_word' id='word_1_146' title='bbox 395 1507 640 1544; x_wconf 85' lang='lat' dir='ltr'>perseverantes</span> <span class='ocrx_word' id='word_1_147' title='bbox 661 1501 760 1543; x_wconf 85' lang='lat' dir='ltr'>ipsam</span> <span class='ocrx_word' id='word_1_148' title='bbox 786 1501 932 1533; x_wconf 83' lang='lat' dir='ltr'>eamdem</span> 
     </span>
     <span class='ocr_line' id='line_1_27' title="bbox 199 1553 934 1596; baseline -0.004 -9"><span class='ocrx_word' id='word_1_149' title='bbox 199 1555 268 1588; x_wconf 83' lang='lat' dir='ltr'>sine</span> <span class='ocrx_word' id='word_1_150' title='bbox 293 1554 407 1588; x_wconf 80' lang='lat' dir='ltr'>Gloria</span> <span class='ocrx_word' id='word_1_151' title='bbox 431 1554 528 1586; x_wconf 82' lang='lat' dir='ltr'>Patri</span> <span class='ocrx_word' id='word_1_152' title='bbox 557 1559 588 1586; x_wconf 87' lang='lat' dir='ltr'>et</span> <span class='ocrx_word' id='word_1_153' title='bbox 619 1554 856 1596; x_wconf 79' lang='lat' dir='ltr'>supplicatione</span> <span class='ocrx_word' id='word_1_154' title='bbox 889 1553 934 1584; x_wconf 86' lang='lat' dir='ltr'>vi-</span> 
     </span>
     <span class='ocr_line' id='line_1_28' title="bbox 200 1606 931 1650; baseline -0.003 -11"><span class='ocrx_word' id='word_1_155' title='bbox 200 1607 408 1650; x_wconf 79' lang='lat' dir='ltr'>gintiduabus</span> <span class='ocrx_word' id='word_1_156' title='bbox 433 1607 556 1639; x_wconf 87' lang='lat' dir='ltr'>vicibus</span> <span class='ocrx_word' id='word_1_157' title='bbox 574 1606 694 1646; x_wconf 82' lang='lat' dir='ltr'>dicant,</span> <span class='ocrx_word' id='word_1_158' title='bbox 717 1616 811 1649; x_wconf 85' lang='lat' dir='ltr'>quam</span> <span class='ocrx_word' id='word_1_159' title='bbox 837 1606 931 1638; x_wconf 88' lang='lat' dir='ltr'>etiam</span> 
     </span>
     <span class='ocr_line' id='line_1_29' title="bbox 199 1659 781 1703; baseline -0.005 -10"><span class='ocrx_word' id='word_1_160' title='bbox 199 1661 301 1693; x_wconf 87' lang='lat' dir='ltr'>semel</span> <span class='ocrx_word' id='word_1_161' title='bbox 327 1670 386 1703; x_wconf 88' lang='lat' dir='ltr'>pro</span> <span class='ocrx_word' id='word_1_162' title='bbox 411 1660 547 1693; x_wconf 74' lang='lat' dir='ltr'>collecta</span> <span class='ocrx_word' id='word_1_163' title='bbox 571 1659 781 1701; x_wconf 84' lang='lat' dir='ltr'>subiungant.</span> 
     </span>
    </p>

    <p class='ocr_par' dir='ltr' id='par_1_5' title="bbox 198 1711 932 2539">
     <span class='ocr_line' id='line_1_30' title="bbox 243 1711 932 1753; baseline -0.006 -7"><span class='ocrx_word' id='word_1_164' title='bbox 243 1723 286 1746; x_wconf 85' lang='lat' dir='ltr'>lx.</span> <span class='ocrx_word' id='word_1_165' title='bbox 312 1712 388 1746; x_wconf 83' lang='lat' dir='ltr'>Post</span> <span class='ocrx_word' id='word_1_166' title='bbox 411 1712 603 1751; x_wconf 79' lang='lat' dir='ltr'>matutinaS,</span> <span class='ocrx_word' id='word_1_167' title='bbox 626 1712 772 1744; x_wconf 84' lang='lat' dir='ltr'>conversi</span> <span class='ocrx_word' id='word_1_168' title='bbox 798 1711 932 1753; x_wconf 69' lang='lat' dir='ltr'>singulis</span> 
     </span>
     <span class='ocr_line' id='line_1_31' title="bbox 199 1764 932 1798; baseline -0.004 0"><span class='ocrx_word' id='word_1_169' title='bbox 199 1765 314 1798; x_wconf 85' lang='lat' dir='ltr'>diebus</span> <span class='ocrx_word' id='word_1_170' title='bbox 347 1765 465 1797; x_wconf 80' lang='lat' dir='ltr'>saciant</span> <span class='ocrx_word' id='word_1_171' title='bbox 500 1764 681 1796; x_wconf 86' lang='lat' dir='ltr'>orationem</span> <span class='ocrx_word' id='word_1_172' title='bbox 718 1764 748 1795; x_wconf 89' lang='lat' dir='ltr'>in</span> <span class='ocrx_word' id='word_1_173' title='bbox 788 1764 932 1795; x_wconf 72' lang='lat' dir='ltr'>materna</span> 
     </span>
     <span class='ocr_line' id='line_1_32' title="bbox 199 1815 928 1861; baseline -0.004 -11"><span class='ocrx_word' id='word_1_174' title='bbox 199 1818 332 1861; x_wconf 79' lang='lat' dir='ltr'>lingua,</span> <span class='ocrx_word' id='word_1_175' title='bbox 359 1817 420 1849; x_wconf 88' lang='lat' dir='ltr'>sub</span> <span class='ocrx_word' id='word_1_176' title='bbox 453 1817 513 1849; x_wconf 87' lang='lat' dir='ltr'>hac</span> <span class='ocrx_word' id='word_1_177' title='bbox 540 1817 640 1848; x_wconf 73' lang='lat' dir='ltr'>forma</span> <span class='ocrx_word' id='word_1_178' title='bbox 665 1826 747 1858; x_wconf 90' lang='lat' dir='ltr'>quae</span> <span class='ocrx_word' id='word_1_179' title='bbox 773 1815 928 1858; x_wconf 87' lang='lat' dir='ltr'>sequitur.</span> 
     </span>
     <span class='ocr_line' id='line_1_33' title="bbox 199 1869 932 1903; baseline -0.005 0"><span class='ocrx_word' id='word_1_180' title='bbox 199 1869 355 1903; x_wconf 80' lang='lat' dir='ltr'>Prostrati</span> <span class='ocrx_word' id='word_1_181' title='bbox 373 1870 406 1902; x_wconf 89' lang='lat' dir='ltr'>in</span> <span class='ocrx_word' id='word_1_182' title='bbox 422 1875 542 1902; x_wconf 85' lang='lat' dir='ltr'>terram</span> <span class='ocrx_word' id='word_1_183' title='bbox 568 1869 745 1901; x_wconf 89' lang='lat' dir='ltr'>secundum</span> <span class='ocrx_word' id='word_1_184' title='bbox 762 1879 853 1900; x_wconf 89' lang='lat' dir='ltr'>suum</span> <span class='ocrx_word' id='word_1_185' title='bbox 871 1869 932 1900; x_wconf 80' lang='lat' dir='ltr'>vul-</span> 
     </span>
     <span class='ocr_line' id='line_1_34' title="bbox 198 1921 930 1966; baseline -0.005 -10"><span class='ocrx_word' id='word_1_186' title='bbox 198 1933 275 1965; x_wconf 76' lang='lat' dir='ltr'>gare</span> <span class='ocrx_word' id='word_1_187' title='bbox 295 1923 415 1956; x_wconf 82' lang='lat' dir='ltr'>idioma</span> <span class='ocrx_word' id='word_1_188' title='bbox 431 1933 490 1966; x_wconf 88' lang='lat' dir='ltr'>pro</span> <span class='ocrx_word' id='word_1_189' title='bbox 513 1922 600 1955; x_wconf 91' lang='lat' dir='ltr'>omni</span> <span class='ocrx_word' id='word_1_190' title='bbox 618 1927 701 1954; x_wconf 85' lang='lat' dir='ltr'>statu</span> <span class='ocrx_word' id='word_1_191' title='bbox 719 1921 930 1962; x_wconf 74' lang='lat' dir='ltr'>intercedant,</span> 
     </span>
     <span class='ocr_line' id='line_1_35' title="bbox 199 1974 931 2019; baseline -0.005 -10"><span class='ocrx_word' id='word_1_192' title='bbox 199 1976 350 2009; x_wconf 81' lang='lat' dir='ltr'>videlicet</span> <span class='ocrx_word' id='word_1_193' title='bbox 361 1986 419 2019; x_wconf 91' lang='lat' dir='ltr'>pro</span> <span class='ocrx_word' id='word_1_194' title='bbox 436 1981 519 2008; x_wconf 88' lang='lat' dir='ltr'>statu</span> <span class='ocrx_word' id='word_1_195' title='bbox 539 1981 667 2007; x_wconf 86' lang='lat' dir='ltr'>nostrae</span> <span class='ocrx_word' id='word_1_196' title='bbox 683 1974 857 2015; x_wconf 74' lang='lat' dir='ltr'>religionis,</span> <span class='ocrx_word' id='word_1_197' title='bbox 873 1984 931 2016; x_wconf 90' lang='lat' dir='ltr'>pro</span> 
     </span>
     <span class='ocr_line' id='line_1_36' title="bbox 199 2026 930 2062; baseline -0.005 -1"><span class='ocrx_word' id='word_1_198' title='bbox 199 2034 284 2062; x_wconf 79' lang='lat' dir='ltr'>statu</span> <span class='ocrx_word' id='word_1_199' title='bbox 316 2033 540 2061; x_wconf 82' lang='lat' dir='ltr'>sacrosanctae</span> <span class='ocrx_word' id='word_1_200' title='bbox 577 2027 737 2059; x_wconf 85' lang='lat' dir='ltr'>Romanae</span> <span class='ocrx_word' id='word_1_201' title='bbox 770 2026 930 2058; x_wconf 86' lang='lat' dir='ltr'>Ecclesiae</span> 
     </span>
     <span class='ocr_line' id='line_1_37' title="bbox 199 2079 932 2122; baseline -0.007 -7"><span class='ocrx_word' id='word_1_202' title='bbox 199 2087 231 2115; x_wconf 87' lang='lat' dir='ltr'>et</span> <span class='ocrx_word' id='word_1_203' title='bbox 256 2081 378 2115; x_wconf 92' lang='lat' dir='ltr'>domini</span> <span class='ocrx_word' id='word_1_204' title='bbox 402 2080 503 2113; x_wconf 85' lang='lat' dir='ltr'>nostri</span> <span class='ocrx_word' id='word_1_205' title='bbox 525 2079 642 2122; x_wconf 82' lang='lat' dir='ltr'>Papae.</span> <span class='ocrx_word' id='word_1_206' title='bbox 660 2089 718 2121; x_wconf 86' lang='lat' dir='ltr'>pro</span> <span class='ocrx_word' id='word_1_207' title='bbox 738 2079 932 2112; x_wconf 76' lang='lat' dir='ltr'>dioecesano</span> 
     </span>
     <span class='ocr_line' id='line_1_38' title="bbox 199 2131 931 2177; baseline -0.007 -10"><span class='ocrx_word' id='word_1_208' title='bbox 199 2134 334 2177; x_wconf 85' lang='lat' dir='ltr'>proprio</span> <span class='ocrx_word' id='word_1_209' title='bbox 351 2139 383 2166; x_wconf 89' lang='lat' dir='ltr'>et</span> <span class='ocrx_word' id='word_1_210' title='bbox 399 2132 514 2166; x_wconf 90' lang='lat' dir='ltr'>ceteris</span> <span class='ocrx_word' id='word_1_211' title='bbox 532 2131 692 2175; x_wconf 78' lang='lat' dir='ltr'>episcopis</span> <span class='ocrx_word' id='word_1_212' title='bbox 716 2132 931 2174; x_wconf 84' lang='lat' dir='ltr'>personisque</span> 
     </span>
     <span class='ocr_line' id='line_1_39' title="bbox 199 2183 931 2226; baseline -0.008 -6"><span class='ocrx_word' id='word_1_213' title='bbox 199 2185 426 2220; x_wconf 77' lang='lat' dir='ltr'>ecclesiasticis</span> <span class='ocrx_word' id='word_1_214' title='bbox 451 2184 626 2223; x_wconf 83' lang='lat' dir='ltr'>universis,</span> <span class='ocrx_word' id='word_1_215' title='bbox 654 2194 713 2226; x_wconf 90' lang='lat' dir='ltr'>pro</span> <span class='ocrx_word' id='word_1_216' title='bbox 739 2183 931 2226; x_wconf 84' lang='lat' dir='ltr'>imperatore</span> 
     </span>
     <span class='ocr_line' id='line_1_40' title="bbox 199 2236 931 2280; baseline -0.007 -8"><span class='ocrx_word' id='word_1_217' title='bbox 199 2249 334 2272; x_wconf 82' lang='lat' dir='ltr'>romano</span> <span class='ocrx_word' id='word_1_218' title='bbox 366 2239 415 2271; x_wconf 88' lang='lat' dir='ltr'>vel</span> <span class='ocrx_word' id='word_1_219' title='bbox 449 2248 523 2279; x_wconf 79' lang='lat' dir='ltr'>rege</span> <span class='ocrx_word' id='word_1_220' title='bbox 557 2237 710 2280; x_wconf 88' lang='lat' dir='ltr'>proprio,</span> <span class='ocrx_word' id='word_1_221' title='bbox 737 2236 931 2278; x_wconf 82' lang='lat' dir='ltr'>regibusque</span> 
     </span>
     <span class='ocr_line' id='line_1_41' title="bbox 200 2288 930 2333; baseline -0.005 -8"><span class='ocrx_word' id='word_1_222' title='bbox 200 2302 237 2325; x_wconf 80' lang='lat' dir='ltr'>ac</span> <span class='ocrx_word' id='word_1_223' title='bbox 261 2291 412 2325; x_wconf 89' lang='lat' dir='ltr'>omnibus</span> <span class='ocrx_word' id='word_1_224' title='bbox 436 2289 637 2333; x_wconf 85' lang='lat' dir='ltr'>principibus</span> <span class='ocrx_word' id='word_1_225' title='bbox 661 2288 854 2327; x_wconf 77' lang='lat' dir='ltr'>christianis,</span> <span class='ocrx_word' id='word_1_226' title='bbox 872 2299 930 2330; x_wconf 91' lang='lat' dir='ltr'>pro</span> 
     </span>
     <span class='ocr_line' id='line_1_42' title="bbox 200 2340 930 2380; baseline -0.01 -2"><span class='ocrx_word' id='word_1_227' title='bbox 200 2344 350 2377; x_wconf 89' lang='lat' dir='ltr'>omnibus</span> <span class='ocrx_word' id='word_1_228' title='bbox 363 2342 633 2380; x_wconf 79' lang='lat' dir='ltr'>benefactoribus,</span> <span class='ocrx_word' id='word_1_229' title='bbox 649 2340 930 2379; x_wconf 81' lang='lat' dir='ltr'>recommendatis,</span> 
     </span>
     <span class='ocr_line' id='line_1_43' title="bbox 201 2393 931 2436; baseline -0.008 -6"><span class='ocrx_word' id='word_1_230' title='bbox 201 2397 410 2430; x_wconf 76' lang='lat' dir='ltr'>familiaribus</span> <span class='ocrx_word' id='word_1_231' title='bbox 429 2401 461 2428; x_wconf 89' lang='lat' dir='ltr'>et</span> <span class='ocrx_word' id='word_1_232' title='bbox 477 2394 603 2434; x_wconf 89' lang='lat' dir='ltr'>amicis,</span> <span class='ocrx_word' id='word_1_233' title='bbox 623 2404 681 2436; x_wconf 91' lang='lat' dir='ltr'>pro</span> <span class='ocrx_word' id='word_1_234' title='bbox 699 2393 849 2425; x_wconf 87' lang='lat' dir='ltr'>omnibus</span> <span class='ocrx_word' id='word_1_235' title='bbox 868 2398 931 2425; x_wconf 86' lang='lat' dir='ltr'>ten-</span> 
     </span>
     <span class='ocr_line' id='line_1_44' title="bbox 200 2445 930 2491; baseline -0.008 -9"><span class='ocrx_word' id='word_1_236' title='bbox 200 2450 284 2490; x_wconf 86' lang='lat' dir='ltr'>tatis,</span> <span class='ocrx_word' id='word_1_237' title='bbox 305 2449 388 2482; x_wconf 89' lang='lat' dir='ltr'>etin</span> <span class='ocrx_word' id='word_1_238' title='bbox 413 2457 613 2491; x_wconf 83' lang='lat' dir='ltr'>quacumque</span> <span class='ocrx_word' id='word_1_239' title='bbox 639 2446 784 2487; x_wconf 86' lang='lat' dir='ltr'>corporis</span> <span class='ocrx_word' id='word_1_240' title='bbox 808 2450 839 2477; x_wconf 90' lang='lat' dir='ltr'>et</span> <span class='ocrx_word' id='word_1_241' title='bbox 863 2445 930 2477; x_wconf 81' lang='lat' dir='ltr'>ani-</span> 
     </span>
     <span class='ocr_line' id='line_1_45' title="bbox 199 2497 930 2539; baseline -0.01 -4"><span class='ocrx_word' id='word_1_242' title='bbox 199 2512 270 2534; x_wconf 86' lang='lat' dir='ltr'>mae</span> <span class='ocrx_word' id='word_1_243' title='bbox 306 2500 516 2534; x_wconf 86' lang='lat' dir='ltr'>tribulatione</span> <span class='ocrx_word' id='word_1_244' title='bbox 550 2497 747 2536; x_wconf 81' lang='lat' dir='ltr'>constitutis‚</span> <span class='ocrx_word' id='word_1_245' title='bbox 774 2507 832 2539; x_wconf 88' lang='lat' dir='ltr'>pro</span> <span class='ocrx_word' id='word_1_246' title='bbox 865 2497 930 2529; x_wconf 34' lang='lat' dir='ltr'>exi*-</span> 
     </span>
    </p>
   </div>
   <div class='ocr_carea' id='block_1_4' title="bbox 972 292 1714 2542">
    <p class='ocr_par' dir='ltr' id='par_1_6' title="bbox 979 292 1714 1017">
     <span class='ocr_line' id='line_1_46' title="bbox 981 292 1714 337; baseline 0.004 -13"><span class='ocrx_word' id='word_1_247' title='bbox 981 303 1040 335; x_wconf 64' lang='grc' dir='ltr'>[ιι-ο</span> <span class='ocrx_word' id='word_1_248' title='bbox 1065 293 1277 326; x_wconf 89' lang='lat' dir='ltr'>conversione</span> <span class='ocrx_word' id='word_1_249' title='bbox 1302 292 1491 326; x_wconf 87' lang='lat' dir='ltr'>iudaeorum</span> <span class='ocrx_word' id='word_1_250' title='bbox 1516 297 1548 326; x_wconf 89' lang='lat' dir='ltr'>et</span> <span class='ocrx_word' id='word_1_251' title='bbox 1571 304 1714 337; x_wconf 84' lang='lat' dir='ltr'>pagano-</span> 
     </span>
     <span class='ocr_line' id='line_1_47' title="bbox 980 345 1713 389; baseline 0.004 -13"><span class='ocrx_word' id='word_1_252' title='bbox 980 356 1062 384; x_wconf 81' lang='lat' dir='ltr'>rum,</span> <span class='ocrx_word' id='word_1_253' title='bbox 1082 355 1142 387; x_wconf 89' lang='lat' dir='ltr'>pro</span> <span class='ocrx_word' id='word_1_254' title='bbox 1164 345 1395 387; x_wconf 80' lang='lat' dir='ltr'>navigantibus,</span> <span class='ocrx_word' id='word_1_255' title='bbox 1417 346 1600 389; x_wconf 79' lang='lat' dir='ltr'>peregrinis</span> <span class='ocrx_word' id='word_1_256' title='bbox 1617 352 1648 379; x_wconf 89' lang='lat' dir='ltr'>et</span> <span class='ocrx_word' id='word_1_257' title='bbox 1665 347 1713 379; x_wconf 91' lang='lat' dir='ltr'>in-</span> 
     </span>
     <span class='ocr_line' id='line_1_48' title="bbox 980 396 1711 440; baseline 0.004 -11"><span class='ocrx_word' id='word_1_258' title='bbox 980 396 1090 437; x_wconf 81' lang='lat' dir='ltr'>firmis,</span> <span class='ocrx_word' id='word_1_259' title='bbox 1109 408 1167 440; x_wconf 88' lang='lat' dir='ltr'>pro</span> <span class='ocrx_word' id='word_1_260' title='bbox 1186 403 1288 430; x_wconf 85' lang='lat' dir='ltr'>terrac</span> <span class='ocrx_word' id='word_1_261' title='bbox 1314 398 1467 431; x_wconf 79' lang='lat' dir='ltr'>fructibus</span> <span class='ocrx_word' id='word_1_262' title='bbox 1485 404 1516 431; x_wconf 89' lang='lat' dir='ltr'>et</span> <span class='ocrx_word' id='word_1_263' title='bbox 1532 399 1711 432; x_wconf 87' lang='lat' dir='ltr'>cultoribus</span> 
     </span>
     <span class='ocr_line' id='line_1_49' title="bbox 981 450 1712 494; baseline 0.004 -13"><span class='ocrx_word' id='word_1_264' title='bbox 981 450 1180 489; x_wconf 85' lang='lat' dir='ltr'>eorumdem,</span> <span class='ocrx_word' id='word_1_265' title='bbox 1205 460 1264 493; x_wconf 87' lang='lat' dir='ltr'>pro</span> <span class='ocrx_word' id='word_1_266' title='bbox 1289 451 1442 493; x_wconf 84' lang='lat' dir='ltr'>temperie</span> <span class='ocrx_word' id='word_1_267' title='bbox 1468 451 1562 491; x_wconf 74' lang='lat' dir='ltr'>aeris,</span> <span class='ocrx_word' id='word_1_268' title='bbox 1579 462 1639 494; x_wconf 93' lang='lat' dir='ltr'>pro</span> <span class='ocrx_word' id='word_1_269' title='bbox 1664 452 1712 484; x_wconf 91' lang='lat' dir='ltr'>sui</span> 
     </span>
     <span class='ocr_line' id='line_1_50' title="bbox 981 502 1712 544; baseline 0.007 -11"><span class='ocrx_word' id='word_1_270' title='bbox 981 502 1081 544; x_wconf 89' lang='lat' dir='ltr'>ipsius</span> <span class='ocrx_word' id='word_1_271' title='bbox 1104 504 1343 544; x_wconf 75' lang='lat' dir='ltr'>perseverantia</span> <span class='ocrx_word' id='word_1_272' title='bbox 1361 504 1393 535; x_wconf 92' lang='lat' dir='ltr'>in</span> <span class='ocrx_word' id='word_1_273' title='bbox 1413 504 1531 537; x_wconf 88' lang='lat' dir='ltr'>Ordine</span> <span class='ocrx_word' id='word_1_274' title='bbox 1552 509 1584 537; x_wconf 86' lang='lat' dir='ltr'>et</span> <span class='ocrx_word' id='word_1_275' title='bbox 1600 504 1712 538; x_wconf 86' lang='lat' dir='ltr'>obser-</span> 
     </span>
     <span class='ocr_line' id='line_1_51' title="bbox 980 553 1713 589; baseline 0.005 -4"><span class='ocrx_word' id='word_1_276' title='bbox 980 553 1084 585; x_wconf 75' lang='lat' dir='ltr'>vantia</span> <span class='ocrx_word' id='word_1_277' title='bbox 1108 555 1334 587; x_wconf 89' lang='lat' dir='ltr'>mandatorum</span> <span class='ocrx_word' id='word_1_278' title='bbox 1360 555 1416 588; x_wconf 88' lang='lat' dir='ltr'>Dei</span> <span class='ocrx_word' id='word_1_279' title='bbox 1434 561 1467 588; x_wconf 85' lang='lat' dir='ltr'>et</span> <span class='ocrx_word' id='word_1_280' title='bbox 1490 561 1618 589; x_wconf 89' lang='lat' dir='ltr'>nostrae</span> <span class='ocrx_word' id='word_1_281' title='bbox 1643 557 1713 589; x_wconf 89' lang='lat' dir='ltr'>reli-</span> 
     </span>
     <span class='ocr_line' id='line_1_52' title="bbox 980 605 1712 652; baseline 0.007 -15"><span class='ocrx_word' id='word_1_282' title='bbox 980 605 1104 648; x_wconf 81' lang='lat' dir='ltr'>gionis,</span> <span class='ocrx_word' id='word_1_283' title='bbox 1127 612 1157 638; x_wconf 90' lang='lat' dir='ltr'>et</span> <span class='ocrx_word' id='word_1_284' title='bbox 1181 607 1206 639; x_wconf 90' lang='lat' dir='ltr'>si</span> <span class='ocrx_word' id='word_1_285' title='bbox 1232 618 1312 650; x_wconf 88' lang='lat' dir='ltr'>quae</span> <span class='ocrx_word' id='word_1_286' title='bbox 1337 607 1400 640; x_wconf 89' lang='lat' dir='ltr'>sint</span> <span class='ocrx_word' id='word_1_287' title='bbox 1424 608 1485 640; x_wconf 86' lang='lat' dir='ltr'>alia</span> <span class='ocrx_word' id='word_1_288' title='bbox 1509 619 1569 651; x_wconf 90' lang='lat' dir='ltr'>pro</span> <span class='ocrx_word' id='word_1_289' title='bbox 1595 609 1712 652; x_wconf 90' lang='lat' dir='ltr'>quibus</span> 
     </span>
     <span class='ocr_line' id='line_1_53' title="bbox 979 659 1712 704; baseline 0.005 -14"><span class='ocrx_word' id='word_1_290' title='bbox 979 659 1100 691; x_wconf 83' lang='lat' dir='ltr'>orantis</span> <span class='ocrx_word' id='word_1_291' title='bbox 1118 659 1264 702; x_wconf 83' lang='lat' dir='ltr'>spiritum</span> <span class='ocrx_word' id='word_1_292' title='bbox 1280 660 1387 693; x_wconf 87' lang='lat' dir='ltr'>divina</span> <span class='ocrx_word' id='word_1_293' title='bbox 1406 661 1574 704; x_wconf 84' lang='lat' dir='ltr'>inspiratio</span> <span class='ocrx_word' id='word_1_294' title='bbox 1588 662 1712 694; x_wconf 78' lang='lat' dir='ltr'>inflam-</span> 
     </span>
     <span class='ocr_line' id='line_1_54' title="bbox 979 712 1712 756; baseline 0.005 -14"><span class='ocrx_word' id='word_1_295' title='bbox 979 716 1044 743; x_wconf 86' lang='lat' dir='ltr'>met</span> <span class='ocrx_word' id='word_1_296' title='bbox 1076 717 1106 743; x_wconf 92' lang='lat' dir='ltr'>et</span> <span class='ocrx_word' id='word_1_297' title='bbox 1141 712 1308 744; x_wconf 83' lang='lat' dir='ltr'>accendat.</span> <span class='ocrx_word' id='word_1_298' title='bbox 1335 712 1505 745; x_wconf 85' lang='lat' dir='ltr'>Sciendum</span> <span class='ocrx_word' id='word_1_299' title='bbox 1541 718 1712 756; x_wconf 85' lang='lat' dir='ltr'>praeterea</span> 
     </span>
     <span class='ocr_line' id='line_1_55' title="bbox 980 763 1711 808; baseline 0.005 -14"><span class='ocrx_word' id='word_1_300' title='bbox 980 763 1065 805; x_wconf 90' lang='lat' dir='ltr'>quod</span> <span class='ocrx_word' id='word_1_301' title='bbox 1091 764 1129 795; x_wconf 85' lang='lat' dir='ltr'>ad</span> <span class='ocrx_word' id='word_1_302' title='bbox 1151 764 1332 806; x_wconf 78' lang='lat' dir='ltr'>&#39;quemlibet</span> <span class='ocrx_word' id='word_1_303' title='bbox 1356 770 1492 805; x_wconf 85' lang='lat' dir='ltr'>statum,</span> <span class='ocrx_word' id='word_1_304' title='bbox 1513 766 1566 808; x_wconf 90' lang='lat' dir='ltr'>qui</span> <span class='ocrx_word' id='word_1_305' title='bbox 1591 767 1711 806; x_wconf 89' lang='lat' dir='ltr'>volunt,</span> 
     </span>
     <span class='ocr_line' id='line_1_56' title="bbox 980 815 1712 851; baseline 0.004 -3"><span class='ocrx_word' id='word_1_306' title='bbox 980 815 1079 848; x_wconf 80' lang='lat' dir='ltr'>Pater</span> <span class='ocrx_word' id='word_1_307' title='bbox 1094 822 1199 848; x_wconf 73' lang='lat' dir='ltr'>voster</span> <span class='ocrx_word' id='word_1_308' title='bbox 1215 817 1380 849; x_wconf 85' lang='lat' dir='ltr'>humiliter</span> <span class='ocrx_word' id='word_1_309' title='bbox 1396 823 1428 849; x_wconf 88' lang='lat' dir='ltr'>et</span> <span class='ocrx_word' id='word_1_310' title='bbox 1446 818 1562 850; x_wconf 85' lang='lat' dir='ltr'>devote</span> <span class='ocrx_word' id='word_1_311' title='bbox 1579 819 1712 851; x_wconf 88' lang='lat' dir='ltr'>subiun-</span> 
     </span>
     <span class='ocr_line' id='line_1_57' title="bbox 979 870 1711 914; baseline 0.005 -13"><span class='ocrx_word' id='word_1_312' title='bbox 979 875 1076 912; x_wconf 78' lang='lat' dir='ltr'>gunt,</span> <span class='ocrx_word' id='word_1_313' title='bbox 1109 870 1227 902; x_wconf 87' lang='lat' dir='ltr'>dictam</span> <span class='ocrx_word' id='word_1_314' title='bbox 1252 871 1448 910; x_wconf 88' lang='lat' dir='ltr'>orationem,</span> <span class='ocrx_word' id='word_1_315' title='bbox 1474 881 1533 913; x_wconf 90' lang='lat' dir='ltr'>pro</span> <span class='ocrx_word' id='word_1_316' title='bbox 1559 873 1711 914; x_wconf 83' lang='lat' dir='ltr'>qualitate</span> 
     </span>
     <span class='ocr_line' id='line_1_58' title="bbox 981 923 1710 967; baseline 0.003 -13"><span class='ocrx_word' id='word_1_317' title='bbox 981 923 1147 964; x_wconf 88' lang='lat' dir='ltr'>temporis,</span> <span class='ocrx_word' id='word_1_318' title='bbox 1175 923 1377 955; x_wconf 85' lang='lat' dir='ltr'>discretionis</span> <span class='ocrx_word' id='word_1_319' title='bbox 1403 928 1435 955; x_wconf 90' lang='lat' dir='ltr'>et</span> <span class='ocrx_word' id='word_1_320' title='bbox 1459 923 1592 956; x_wconf 81' lang='lat' dir='ltr'>fervoris</span> <span class='ocrx_word' id='word_1_321' title='bbox 1609 924 1710 967; x_wconf 85' lang='lat' dir='ltr'>ipsius</span> 
     </span>
     <span class='ocr_line' id='line_1_59' title="bbox 979 975 1709 1017; baseline 0.004 -11"><span class='ocrx_word' id='word_1_322' title='bbox 979 975 1112 1014; x_wconf 81' lang='lat' dir='ltr'>orantis,</span> <span class='ocrx_word' id='word_1_323' title='bbox 1130 975 1324 1017; x_wconf 88' lang='lat' dir='ltr'>ampliando,</span> <span class='ocrx_word' id='word_1_324' title='bbox 1343 976 1390 1008; x_wconf 87' lang='lat' dir='ltr'>vel</span> <span class='ocrx_word' id='word_1_325' title='bbox 1408 976 1502 1008; x_wconf 82' lang='lat' dir='ltr'>etiam</span> <span class='ocrx_word' id='word_1_326' title='bbox 1519 977 1709 1010; x_wconf 80' lang='lat' dir='ltr'>breviando.</span> 
     </span>
    </p>

    <p class='ocr_par' dir='ltr' id='par_1_7' title="bbox 978 1028 1712 1282">
     <span class='ocr_line' id='line_1_60' title="bbox 1021 1028 1712 1070; baseline 0.004 -11"><span class='ocrx_word' id='word_1_327' title='bbox 1021 1038 1050 1060; x_wconf 81' lang='lat' dir='ltr'>x.</span> <span class='ocrx_word' id='word_1_328' title='bbox 1078 1028 1099 1059; x_wconf 87' lang='grc' dir='ltr'>Α</span> <span class='ocrx_word' id='word_1_329' title='bbox 1126 1028 1247 1060; x_wconf 86' lang='lat' dir='ltr'>Pascha</span> <span class='ocrx_word' id='word_1_330' title='bbox 1272 1039 1375 1070; x_wconf 90' lang='lat' dir='ltr'>usque</span> <span class='ocrx_word' id='word_1_331' title='bbox 1401 1029 1440 1060; x_wconf 89' lang='lat' dir='ltr'>ad</span> <span class='ocrx_word' id='word_1_332' title='bbox 1466 1029 1584 1061; x_wconf 84' lang='lat' dir='ltr'>festum</span> <span class='ocrx_word' id='word_1_333' title='bbox 1602 1029 1633 1062; x_wconf 88' lang='lat' dir='ltr'>S.</span> <span class='ocrx_word' id='word_1_334' title='bbox 1657 1030 1712 1062; x_wconf 87' lang='lat' dir='ltr'>Mi-</span> 
     </span>
     <span class='ocr_line' id='line_1_61' title="bbox 979 1080 1708 1124; baseline 0.003 -12"><span class='ocrx_word' id='word_1_335' title='bbox 979 1080 1108 1120; x_wconf 74' lang='lat' dir='ltr'>chaelis,</span> <span class='ocrx_word' id='word_1_336' title='bbox 1127 1086 1196 1113; x_wconf 89' lang='lat' dir='ltr'>orto</span> <span class='ocrx_word' id='word_1_337' title='bbox 1219 1081 1295 1120; x_wconf 87' lang='lat' dir='ltr'>sole,</span> <span class='ocrx_word' id='word_1_338' title='bbox 1322 1082 1469 1123; x_wconf 86' lang='lat' dir='ltr'>pulsatur</span> <span class='ocrx_word' id='word_1_339' title='bbox 1494 1081 1533 1114; x_wconf 87' lang='lat' dir='ltr'>ad</span> <span class='ocrx_word' id='word_1_340' title='bbox 1558 1082 1708 1124; x_wconf 85' lang='lat' dir='ltr'>primam.</span> 
     </span>
     <span class='ocr_line' id='line_1_62' title="bbox 979 1132 1711 1176; baseline 0.003 -12"><span class='ocrx_word' id='word_1_341' title='bbox 979 1132 1012 1165; x_wconf 90' lang='lat' dir='ltr'>In</span> <span class='ocrx_word' id='word_1_342' title='bbox 1032 1143 1137 1165; x_wconf 89' lang='lat' dir='ltr'>messe</span> <span class='ocrx_word' id='word_1_343' title='bbox 1156 1138 1273 1172; x_wconf 86' lang='lat' dir='ltr'>tamen,</span> <span class='ocrx_word' id='word_1_344' title='bbox 1292 1139 1389 1175; x_wconf 86' lang='lat' dir='ltr'>prout</span> <span class='ocrx_word' id='word_1_345' title='bbox 1406 1134 1582 1166; x_wconf 82' lang='lat' dir='ltr'>necessitas</span> <span class='ocrx_word' id='word_1_346' title='bbox 1600 1140 1711 1176; x_wconf 88' lang='lat' dir='ltr'>postu-</span> 
     </span>
     <span class='ocr_line' id='line_1_63' title="bbox 979 1186 1710 1231; baseline 0.004 -14"><span class='ocrx_word' id='word_1_347' title='bbox 979 1186 1038 1224; x_wconf 87' lang='lat' dir='ltr'>lat,</span> <span class='ocrx_word' id='word_1_348' title='bbox 1063 1186 1182 1225; x_wconf 79' lang='lat' dir='ltr'>ritius;</span> <span class='ocrx_word' id='word_1_349' title='bbox 1213 1197 1229 1218; x_wconf 89' lang='lat' dir='ltr'>a</span> <span class='ocrx_word' id='word_1_350' title='bbox 1253 1186 1336 1219; x_wconf 84' lang='lat' dir='ltr'>sesto</span> <span class='ocrx_word' id='word_1_351' title='bbox 1360 1187 1391 1219; x_wconf 89' lang='lat' dir='ltr'>S.</span> <span class='ocrx_word' id='word_1_352' title='bbox 1419 1187 1583 1220; x_wconf 74' lang='lat' dir='ltr'>Michaelis</span> <span class='ocrx_word' id='word_1_353' title='bbox 1606 1198 1710 1231; x_wconf 86' lang='lat' dir='ltr'>usque</span> 
     </span>
     <span class='ocr_line' id='line_1_64' title="bbox 978 1234 1613 1282; baseline 0.003 -12"><span class='ocrx_word' id='word_1_354' title='bbox 978 1239 1016 1270; x_wconf 90' lang='lat' dir='ltr'>ad</span> <span class='ocrx_word' id='word_1_355' title='bbox 1043 1234 1163 1270; x_wconf 84' lang='lat' dir='ltr'>Pasclia</span> <span class='ocrx_word' id='word_1_356' title='bbox 1187 1249 1312 1271; x_wconf 87' lang='lat' dir='ltr'>summo</span> <span class='ocrx_word' id='word_1_357' title='bbox 1336 1250 1428 1271; x_wconf 89' lang='lat' dir='ltr'>mane</span> <span class='ocrx_word' id='word_1_358' title='bbox 1453 1241 1613 1282; x_wconf 86' lang='lat' dir='ltr'>pulsatur.</span> 
     </span>
    </p>

    <p class='ocr_par' dir='ltr' id='par_1_8' title="bbox 975 1291 1711 1701">
     <span class='ocr_line' id='line_1_65' title="bbox 1021 1291 1711 1334; baseline 0.003 -11"><span class='ocrx_word' id='word_1_359' title='bbox 1021 1302 1064 1324; x_wconf 83' lang='lat' dir='ltr'>xi.</span> <span class='ocrx_word' id='word_1_360' title='bbox 1091 1292 1136 1323; x_wconf 69' lang='lat' dir='ltr'>Ad</span> <span class='ocrx_word' id='word_1_361' title='bbox 1163 1291 1300 1334; x_wconf 86' lang='lat' dir='ltr'>primam</span> <span class='ocrx_word' id='word_1_362' title='bbox 1336 1292 1375 1323; x_wconf 89' lang='lat' dir='ltr'>de</span> <span class='ocrx_word' id='word_1_363' title='bbox 1412 1291 1572 1324; x_wconf 71' lang='lat' dir='ltr'>dominica</span> <span class='ocrx_word' id='word_1_364' title='bbox 1604 1293 1711 1325; x_wconf 89' lang='lat' dir='ltr'>dicant</span> 
     </span>
     <span class='ocr_line' id='line_1_66' title="bbox 977 1344 1709 1377; baseline 0.003 -2"><span class='ocrx_word' id='word_1_365' title='bbox 977 1345 1074 1376; x_wconf 85' lang='lat' dir='ltr'>semel</span> <span class='ocrx_word' id='word_1_366' title='bbox 1102 1344 1202 1376; x_wconf 78' lang='lat' dir='ltr'>Pater</span> <span class='ocrx_word' id='word_1_367' title='bbox 1225 1348 1332 1376; x_wconf 79' lang='lat' dir='ltr'>noster</span> <span class='ocrx_word' id='word_1_368' title='bbox 1349 1349 1380 1376; x_wconf 87' lang='lat' dir='ltr'>et</span> <span class='ocrx_word' id='word_1_369' title='bbox 1404 1344 1469 1376; x_wconf 81' lang='lat' dir='ltr'>Ave</span> <span class='ocrx_word' id='word_1_370' title='bbox 1492 1344 1601 1377; x_wconf 78' lang='lat' dir='ltr'>Maria</span> <span class='ocrx_word' id='word_1_371' title='bbox 1620 1345 1709 1377; x_wconf 81' lang='lat' dir='ltr'>flexis</span> 
     </span>
     <span class='ocr_line' id='line_1_67' title="bbox 977 1396 1710 1439; baseline 0.004 -13"><span class='ocrx_word' id='word_1_372' title='bbox 977 1396 1112 1437; x_wconf 64' lang='lat' dir='ltr'>genibus</span> <span class='ocrx_word' id='word_1_373' title='bbox 1127 1407 1198 1428; x_wconf 89' lang='lat' dir='ltr'>cum</span> <span class='ocrx_word' id='word_1_374' title='bbox 1213 1396 1304 1428; x_wconf 79' lang='lat' dir='ltr'>venia</span> <span class='ocrx_word' id='word_1_375' title='bbox 1318 1398 1403 1428; x_wconf 87' lang='lat' dir='ltr'>oinni</span> <span class='ocrx_word' id='word_1_376' title='bbox 1420 1401 1579 1439; x_wconf 73' lang='lat' dir='ltr'>tempore&#39;,</span> <span class='ocrx_word' id='word_1_377' title='bbox 1594 1397 1710 1430; x_wconf 90' lang='lat' dir='ltr'>deinde</span> 
     </span>
     <span class='ocr_line' id='line_1_68' title="bbox 976 1449 1708 1489; baseline 0.001 -8"><span class='ocrx_word' id='word_1_378' title='bbox 976 1450 998 1481; x_wconf 87' lang='grc' dir='ltr'><strong><em>Α</em></strong></span> <span class='ocrx_word' id='word_1_379' title='bbox 1009 1449 1188 1481; x_wconf 66' lang='lat' dir='ltr'>(Haterium</span> <span class='ocrx_word' id='word_1_380' title='bbox 1202 1454 1347 1482; x_wconf 78' lang='lat' dir='ltr'>nostrum</span> <span class='ocrx_word' id='word_1_381' title='bbox 1365 1450 1399 1481; x_wconf 83' lang='lat' dir='ltr'>in</span> <span class='ocrx_word' id='word_1_382' title='bbox 1416 1450 1547 1482; x_wconf 72' lang='lat' dir='ltr'>nornine</span> <span class='ocrx_word' id='word_1_383' title='bbox 1564 1449 1708 1489; x_wconf 78' lang='lat' dir='ltr'>Domini,</span> 
     </span>
     <span class='ocr_line' id='line_1_69' title="bbox 976 1501 1711 1545; baseline 0.003 -12"><span class='ocrx_word' id='word_1_384' title='bbox 976 1503 1033 1544; x_wconf 77' lang='lat' dir='ltr'>qui</span> <span class='ocrx_word' id='word_1_385' title='bbox 1052 1502 1127 1544; x_wconf 72' lang='lat' dir='ltr'>fecit</span> <span class='ocrx_word' id='word_1_386' title='bbox 1151 1501 1276 1533; x_wconf 82' lang='lat' dir='ltr'>caelum</span> <span class='ocrx_word' id='word_1_387' title='bbox 1301 1506 1330 1534; x_wconf 82' lang='lat' dir='ltr'>et</span> <span class='ocrx_word' id='word_1_388' title='bbox 1355 1506 1489 1541; x_wconf 80' lang='lat' dir='ltr'>terram;</span> <span class='ocrx_word' id='word_1_389' title='bbox 1510 1507 1623 1545; x_wconf 85' lang='lat' dir='ltr'>postea</span> <span class='ocrx_word' id='word_1_390' title='bbox 1640 1513 1711 1535; x_wconf 87' lang='lat' dir='ltr'>ere-</span> 
     </span>
     <span class='ocr_line' id='line_1_70' title="bbox 976 1554 1710 1593; baseline 0.003 -8"><span class='ocrx_word' id='word_1_391' title='bbox 976 1554 1016 1585; x_wconf 85' lang='lat' dir='ltr'>cti</span> <span class='ocrx_word' id='word_1_392' title='bbox 1033 1581 1040 1593; x_wconf 89' lang='lat'>,</span> <span class='ocrx_word' id='word_1_393' title='bbox 1069 1559 1116 1586; x_wconf 89' lang='lat' dir='ltr'>ter</span> <span class='ocrx_word' id='word_1_394' title='bbox 1142 1555 1241 1586; x_wconf 73' lang='lat' dir='ltr'>Pater</span> <span class='ocrx_word' id='word_1_395' title='bbox 1264 1558 1388 1593; x_wconf 78' lang='lat' dir='ltr'>noster,</span> <span class='ocrx_word' id='word_1_396' title='bbox 1414 1555 1481 1587; x_wconf 75' lang='lat' dir='ltr'>Are</span> <span class='ocrx_word' id='word_1_397' title='bbox 1505 1555 1612 1586; x_wconf 85' lang='lat' dir='ltr'>Maria</span> <span class='ocrx_word' id='word_1_398' title='bbox 1637 1565 1710 1587; x_wconf 88' lang='lat' dir='ltr'>cum</span> 
     </span>
     <span class='ocr_line' id='line_1_71' title="bbox 977 1604 1708 1649; baseline 0.003 -12"><span class='ocrx_word' id='word_1_399' title='bbox 977 1604 1090 1637; x_wconf 82' lang='lat' dir='ltr'>Gloria</span> <span class='ocrx_word' id='word_1_400' title='bbox 1110 1606 1216 1645; x_wconf 81' lang='lat' dir='ltr'>Patri,</span> <span class='ocrx_word' id='word_1_401' title='bbox 1235 1611 1267 1638; x_wconf 90' lang='lat' dir='ltr'>et</span> <span class='ocrx_word' id='word_1_402' title='bbox 1286 1606 1377 1638; x_wconf 77' lang='lat' dir='ltr'>venia</span> <span class='ocrx_word' id='word_1_403' title='bbox 1394 1608 1441 1638; x_wconf 81' lang='lat' dir='ltr'>vel</span> <span class='ocrx_word' id='word_1_404' title='bbox 1460 1607 1708 1649; x_wconf 85' lang='lat' dir='ltr'>supplicatione,</span> 
     </span>
     <span class='ocr_line' id='line_1_72' title="bbox 975 1658 1317 1701; baseline 0.003 -12"><span class='ocrx_word' id='word_1_405' title='bbox 975 1658 1151 1690; x_wconf 82' lang='lat' dir='ltr'>secundum</span> <span class='ocrx_word' id='word_1_406' title='bbox 1179 1664 1317 1701; x_wconf 87' lang='lat' dir='ltr'>tempus.</span> 
     </span>
    </p>

    <p class='ocr_par' dir='ltr' id='par_1_9' title="bbox 975 1710 1709 2017">
     <span class='ocr_line' id='line_1_73' title="bbox 1018 1710 1704 1755; baseline 0.004 -13"><span class='ocrx_word' id='word_1_407' title='bbox 1018 1721 1073 1743; x_wconf 76' lang='lat' dir='ltr'>xii.</span> <span class='ocrx_word' id='word_1_408' title='bbox 1101 1710 1240 1743; x_wconf 85' lang='lat' dir='ltr'>Primam</span> <span class='ocrx_word' id='word_1_409' title='bbox 1272 1722 1347 1743; x_wconf 87' lang='lat' dir='ltr'>vcro</span> <span class='ocrx_word' id='word_1_410' title='bbox 1374 1712 1437 1744; x_wconf 82' lang='lat' dir='ltr'>diei</span> <span class='ocrx_word' id='word_1_411' title='bbox 1463 1712 1506 1744; x_wconf 89' lang='lat' dir='ltr'>ita</span> <span class='ocrx_word' id='word_1_412' title='bbox 1532 1712 1704 1755; x_wconf 86' lang='lat' dir='ltr'>incipiant:</span> 
     </span>
     <span class='ocr_line' id='line_1_74' title="bbox 976 1763 1706 1805; baseline 0.005 -11"><span class='ocrx_word' id='word_1_413' title='bbox 976 1763 1184 1796; x_wconf 72' lang='lat' dir='ltr'>Adiutoriuiii</span> <span class='ocrx_word' id='word_1_414' title='bbox 1204 1768 1348 1796; x_wconf 72' lang='lat' dir='ltr'>nostrum</span> <span class='ocrx_word' id='word_1_415' title='bbox 1364 1765 1398 1797; x_wconf 82' lang='lat' dir='ltr'>in</span> <span class='ocrx_word' id='word_1_416' title='bbox 1419 1766 1549 1797; x_wconf 76' lang='lat' dir='ltr'>nomine</span> <span class='ocrx_word' id='word_1_417' title='bbox 1561 1765 1706 1805; x_wconf 82' lang='lat' dir='ltr'>Domini,</span> 
     </span>
     <span class='ocr_line' id='line_1_75' title="bbox 975 1816 1709 1858; baseline 0.005 -11"><span class='ocrx_word' id='word_1_418' title='bbox 975 1817 1033 1858; x_wconf 79' lang='lat' dir='ltr'>qui</span> <span class='ocrx_word' id='word_1_419' title='bbox 1056 1816 1129 1858; x_wconf 81' lang='lat' dir='ltr'>fecit</span> <span class='ocrx_word' id='word_1_420' title='bbox 1154 1816 1278 1848; x_wconf 77' lang='lat' dir='ltr'>caelum</span> <span class='ocrx_word' id='word_1_421' title='bbox 1300 1821 1328 1849; x_wconf 78' lang='lat' dir='ltr'>el</span> <span class='ocrx_word' id='word_1_422' title='bbox 1354 1821 1471 1849; x_wconf 80' lang='lat' dir='ltr'>terram</span> <span class='ocrx_word' id='word_1_423' title='bbox 1482 1829 1491 1856; x_wconf 74' lang='lat'>,·</span> <span class='ocrx_word' id='word_1_424' title='bbox 1510 1818 1626 1851; x_wconf 89' lang='lat' dir='ltr'>deinde</span> <span class='ocrx_word' id='word_1_425' title='bbox 1645 1819 1709 1851; x_wconf 82' lang='lat' dir='ltr'>Pa-</span> 
     </span>
     <span class='ocr_line' id='line_1_76' title="bbox 976 1868 1707 1904; baseline 0.004 -4"><span class='ocrx_word' id='word_1_426' title='bbox 976 1872 1023 1900; x_wconf 81' lang='lat' dir='ltr'>ter</span> <span class='ocrx_word' id='word_1_427' title='bbox 1039 1873 1144 1900; x_wconf 79' lang='lat' dir='ltr'>noster</span> <span class='ocrx_word' id='word_1_428' title='bbox 1160 1879 1230 1900; x_wconf 91' lang='lat' dir='ltr'>cum</span> <span class='ocrx_word' id='word_1_429' title='bbox 1257 1868 1370 1901; x_wconf 82' lang='lat' dir='ltr'>Gloria</span> <span class='ocrx_word' id='word_1_430' title='bbox 1387 1870 1484 1902; x_wconf 78' lang='lat' dir='ltr'>Patri</span> <span class='ocrx_word' id='word_1_431' title='bbox 1501 1875 1532 1902; x_wconf 90' lang='lat' dir='ltr'>et</span> <span class='ocrx_word' id='word_1_432' title='bbox 1549 1871 1642 1903; x_wconf 71' lang='lat' dir='ltr'>venia</span> <span class='ocrx_word' id='word_1_433' title='bbox 1659 1873 1707 1904; x_wconf 80' lang='lat' dir='ltr'>vel</span> 
     </span>
     <span class='ocr_line' id='line_1_77' title="bbox 975 1921 1709 1965; baseline 0.005 -13"><span class='ocrx_word' id='word_1_434' title='bbox 975 1921 1221 1963; x_wconf 84' lang='lat' dir='ltr'>supplicatione,</span> <span class='ocrx_word' id='word_1_435' title='bbox 1239 1922 1416 1954; x_wconf 88' lang='lat' dir='ltr'>secundum</span> <span class='ocrx_word' id='word_1_436' title='bbox 1436 1928 1571 1965; x_wconf 81' lang='lat' dir='ltr'>teinpuS,</span> <span class='ocrx_word' id='word_1_437' title='bbox 1592 1929 1638 1955; x_wconf 89' lang='lat' dir='ltr'>ter</span> <span class='ocrx_word' id='word_1_438' title='bbox 1662 1924 1709 1956; x_wconf 92' lang='lat' dir='ltr'>di-</span> 
     </span>
     <span class='ocr_line' id='line_1_78' title="bbox 975 1974 1686 2017; baseline 0.004 -12"><span class='ocrx_word' id='word_1_439' title='bbox 975 1979 1056 2012; x_wconf 86' lang='lat' dir='ltr'>cant,</span> <span class='ocrx_word' id='word_1_440' title='bbox 1083 1979 1115 2005; x_wconf 89' lang='lat' dir='ltr'>et</span> <span class='ocrx_word' id='word_1_441' title='bbox 1138 1974 1257 2005; x_wconf 89' lang='lat' dir='ltr'>addant</span> <span class='ocrx_word' id='word_1_442' title='bbox 1282 1979 1431 2016; x_wconf 89' lang='lat' dir='ltr'>quartum</span> <span class='ocrx_word' id='word_1_443' title='bbox 1456 1986 1514 2017; x_wconf 90' lang='lat' dir='ltr'>pro</span> <span class='ocrx_word' id='word_1_444' title='bbox 1540 1976 1686 2008; x_wconf 77' lang='lat' dir='ltr'>collecta.</span> 
     </span>
    </p>

    <p class='ocr_par' dir='ltr' id='par_1_10' title="bbox 972 2026 1706 2436">
     <span class='ocr_line' id='line_1_79' title="bbox 1018 2026 1706 2065; baseline 0.004 -8"><span class='ocrx_word' id='word_1_445' title='bbox 1018 2035 1085 2058; x_wconf 80' lang='lat' dir='ltr'>xm.</span> <span class='ocrx_word' id='word_1_446' title='bbox 1106 2026 1138 2058; x_wconf 88' lang='lat' dir='ltr'>ln</span> <span class='ocrx_word' id='word_1_447' title='bbox 1156 2026 1271 2058; x_wconf 88' lang='lat' dir='ltr'>ceteris</span> <span class='ocrx_word' id='word_1_448' title='bbox 1290 2026 1468 2065; x_wconf 87' lang='lat' dir='ltr'>lioris,ta1n</span> <span class='ocrx_word' id='word_1_449' title='bbox 1488 2027 1527 2059; x_wconf 92' lang='lat' dir='ltr'>de</span> <span class='ocrx_word' id='word_1_450' title='bbox 1545 2028 1706 2061; x_wconf 76' lang='lat' dir='ltr'>dominica</span> 
     </span>
     <span class='ocr_line' id='line_1_80' title="bbox 975 2078 1691 2122; baseline 0.006 -13"><span class='ocrx_word' id='word_1_451' title='bbox 975 2089 1071 2121; x_wconf 84' lang='lat' dir='ltr'>quam</span> <span class='ocrx_word' id='word_1_452' title='bbox 1096 2078 1134 2110; x_wconf 90' lang='lat' dir='ltr'>de</span> <span class='ocrx_word' id='word_1_453' title='bbox 1160 2078 1221 2117; x_wconf 88' lang='lat' dir='ltr'>die,</span> <span class='ocrx_word' id='word_1_454' title='bbox 1254 2078 1340 2110; x_wconf 88' lang='lat' dir='ltr'>idem</span> <span class='ocrx_word' id='word_1_455' title='bbox 1365 2079 1451 2121; x_wconf 89' lang='lat' dir='ltr'>quod</span> <span class='ocrx_word' id='word_1_456' title='bbox 1477 2079 1507 2111; x_wconf 90' lang='lat' dir='ltr'>in</span> <span class='ocrx_word' id='word_1_457' title='bbox 1534 2080 1635 2122; x_wconf 74' lang='lat' dir='ltr'>primii</span> <span class='ocrx_word' id='word_1_458' title='bbox 1660 2080 1691 2113; x_wconf 90' lang='lat' dir='ltr'>di</span> 
     </span>
     <span class='ocr_line' id='line_1_81' title="bbox 974 2130 1706 2175; baseline 0.004 -13"><span class='ocrx_word' id='word_1_459' title='bbox 974 2136 1085 2170; x_wconf 84' lang='lat' dir='ltr'>catur,</span> <span class='ocrx_word' id='word_1_460' title='bbox 1112 2135 1247 2173; x_wconf 82' lang='lat' dir='ltr'>excepto</span> <span class='ocrx_word' id='word_1_461' title='bbox 1280 2130 1367 2172; x_wconf 89' lang='lat' dir='ltr'>quod</span> <span class='ocrx_word' id='word_1_462' title='bbox 1399 2131 1437 2164; x_wconf 81' lang='lat' dir='ltr'>ad</span> <span class='ocrx_word' id='word_1_463' title='bbox 1462 2132 1630 2175; x_wconf 87' lang='lat' dir='ltr'>utriusque</span> <span class='ocrx_word' id='word_1_464' title='bbox 1654 2143 1706 2165; x_wconf 81' lang='lat' dir='ltr'>ve-</span> 
     </span>
     <span class='ocr_line' id='line_1_82' title="bbox 974 2183 1706 2226; baseline 0.003 -11"><span class='ocrx_word' id='word_1_465' title='bbox 974 2193 1085 2226; x_wconf 87' lang='lat' dir='ltr'>speras</span> <span class='ocrx_word' id='word_1_466' title='bbox 1098 2193 1197 2215; x_wconf 90' lang='lat' dir='ltr'>unum</span> <span class='ocrx_word' id='word_1_467' title='bbox 1211 2183 1311 2215; x_wconf 78' lang='lat' dir='ltr'>Pater</span> <span class='ocrx_word' id='word_1_468' title='bbox 1327 2187 1433 2215; x_wconf 73' lang='lat' dir='ltr'>noster</span> <span class='ocrx_word' id='word_1_469' title='bbox 1450 2183 1577 2223; x_wconf 86' lang='lat' dir='ltr'>addant,</span> <span class='ocrx_word' id='word_1_470' title='bbox 1597 2185 1706 2217; x_wconf 84' lang='lat' dir='ltr'>dieen-</span> 
     </span>
     <span class='ocr_line' id='line_1_83' title="bbox 975 2235 1701 2278; baseline 0.003 -11"><span class='ocrx_word' id='word_1_471' title='bbox 975 2241 1021 2267; x_wconf 90' lang='lat' dir='ltr'>tes</span> <span class='ocrx_word' id='word_1_472' title='bbox 1047 2235 1183 2275; x_wconf 88' lang='lat' dir='ltr'>scilicet,</span> <span class='ocrx_word' id='word_1_473' title='bbox 1208 2239 1283 2278; x_wconf 88' lang='lat' dir='ltr'>post</span> <span class='ocrx_word' id='word_1_474' title='bbox 1306 2235 1519 2268; x_wconf 79' lang='lat' dir='ltr'>Adiulorium</span> <span class='ocrx_word' id='word_1_475' title='bbox 1544 2241 1701 2277; x_wconf 78' lang='lat' dir='ltr'>nostrum,</span> 
     </span>
     <span class='ocr_line' id='line_1_84' title="bbox 974 2288 1702 2330; baseline 0.004 -11"><span class='ocrx_word' id='word_1_476' title='bbox 974 2293 1086 2330; x_wconf 86' lang='lat' dir='ltr'>quater</span> <span class='ocrx_word' id='word_1_477' title='bbox 1110 2288 1209 2320; x_wconf 80' lang='lat' dir='ltr'>Pater</span> <span class='ocrx_word' id='word_1_478' title='bbox 1232 2292 1339 2320; x_wconf 73' lang='lat' dir='ltr'>noster</span> <span class='ocrx_word' id='word_1_479' title='bbox 1363 2299 1433 2320; x_wconf 89' lang='lat' dir='ltr'>cum</span> <span class='ocrx_word' id='word_1_480' title='bbox 1460 2288 1573 2321; x_wconf 85' lang='lat' dir='ltr'>Gloria</span> <span class='ocrx_word' id='word_1_481' title='bbox 1590 2289 1702 2330; x_wconf 78' lang='lat' dir='ltr'>Patri,-</span> 
     </span>
     <span class='ocr_line' id='line_1_85' title="bbox 973 2340 1705 2385; baseline 0.004 -13"><span class='ocrx_word' id='word_1_482' title='bbox 973 2340 1082 2372; x_wconf 88' lang='lat' dir='ltr'>dicant</span> <span class='ocrx_word' id='word_1_483' title='bbox 1105 2340 1201 2372; x_wconf 85' lang='lat' dir='ltr'>etiam</span> <span class='ocrx_word' id='word_1_484' title='bbox 1226 2346 1297 2382; x_wconf 85' lang='lat' dir='ltr'>post</span> <span class='ocrx_word' id='word_1_485' title='bbox 1321 2340 1455 2383; x_wconf 88' lang='lat' dir='ltr'>primam</span> <span class='ocrx_word' id='word_1_486' title='bbox 1482 2341 1545 2374; x_wconf 88' lang='lat' dir='ltr'>diei</span> <span class='ocrx_word' id='word_1_487' title='bbox 1571 2347 1603 2374; x_wconf 91' lang='lat' dir='ltr'>ct</span> <span class='ocrx_word' id='word_1_488' title='bbox 1631 2348 1705 2385; x_wconf 90' lang='lat' dir='ltr'>post</span> 
     </span>
     <span class='ocr_line' id='line_1_86' title="bbox 972 2392 1590 2436; baseline 0.003 -11"><span class='ocrx_word' id='word_1_489' title='bbox 972 2392 1219 2435; x_wconf 88' lang='lat' dir='ltr'>completorium</span> <span class='ocrx_word' id='word_1_490' title='bbox 1246 2392 1345 2426; x_wconf 77' lang='lat' dir='ltr'>Credo</span> <span class='ocrx_word' id='word_1_491' title='bbox 1369 2398 1399 2425; x_wconf 89' lang='lat' dir='ltr'>et</span> <span class='ocrx_word' id='word_1_492' title='bbox 1425 2393 1590 2436; x_wconf 77' lang='lat' dir='ltr'>Confiteor.</span> 
     </span>
    </p>

    <p class='ocr_par' dir='ltr' id='par_1_11' title="bbox 973 2444 1703 2542">
     <span class='ocr_line' id='line_1_87' title="bbox 1014 2444 1702 2487; baseline 0.006 -11"><span class='ocrx_word' id='word_1_493' title='bbox 1014 2455 1078 2477; x_wconf 83' lang='lat' dir='ltr'>xiv.</span> <span class='ocrx_word' id='word_1_494' title='bbox 1105 2444 1178 2476; x_wconf 81' lang='lat' dir='ltr'>Post</span> <span class='ocrx_word' id='word_1_495' title='bbox 1197 2445 1444 2487; x_wconf 85' lang='lat' dir='ltr'>completorium</span> <span class='ocrx_word' id='word_1_496' title='bbox 1460 2447 1558 2478; x_wconf 85' lang='lat' dir='ltr'>lectos</span> <span class='ocrx_word' id='word_1_497' title='bbox 1578 2446 1702 2487; x_wconf 84' lang='lat' dir='ltr'>adeant,</span> 
     </span>
     <span class='ocr_line' id='line_1_88' title="bbox 973 2496 1703 2542; baseline 0.003 -13"><span class='ocrx_word' id='word_1_498' title='bbox 973 2502 1004 2529; x_wconf 89' lang='lat' dir='ltr'>ct</span> <span class='ocrx_word' id='word_1_499' title='bbox 1028 2496 1165 2529; x_wconf 87' lang='lat' dir='ltr'>dormire</span> <span class='ocrx_word' id='word_1_500' title='bbox 1191 2502 1345 2539; x_wconf 72' lang='lat' dir='ltr'>satagant,</span> <span class='ocrx_word' id='word_1_501' title='bbox 1364 2507 1403 2530; x_wconf 91' lang='lat' dir='ltr'>ne</span> <span class='ocrx_word' id='word_1_502' title='bbox 1423 2498 1516 2538; x_wconf 82' lang='lat' dir='ltr'>sorte,</span> <span class='ocrx_word' id='word_1_503' title='bbox 1534 2509 1604 2531; x_wconf 89' lang='lat' dir='ltr'>eum</span> <span class='ocrx_word' id='word_1_504' title='bbox 1625 2499 1703 2542; x_wconf 75' lang='lat' dir='ltr'>vigi-</span> 
     </span>
    </p>
   </div>
   <div class='ocr_carea' id='block_1_5' title="bbox 199 2549 1703 2648">
    <p class='ocr_par' dir='ltr' id='par_1_12' title="bbox 199 2549 1703 2648">
     <span class='ocr_line' id='line_1_89' title="bbox 199 2549 1700 2595; baseline -0.003 -7"><span class='ocrx_word' id='word_1_505' title='bbox 199 2555 358 2588; x_wconf 85' lang='lat' dir='ltr'>stentihus</span> <span class='ocrx_word' id='word_1_506' title='bbox 383 2554 416 2586; x_wconf 91' lang='lat' dir='ltr'>in</span> <span class='ocrx_word' id='word_1_507' title='bbox 441 2557 574 2595; x_wconf 81' lang='lat' dir='ltr'>peccato</span> <span class='ocrx_word' id='word_1_508' title='bbox 597 2549 738 2590; x_wconf 89' lang='lat' dir='ltr'>mortali,</span> <span class='ocrx_word' id='word_1_509' title='bbox 758 2560 816 2592; x_wconf 84' lang='lat' dir='ltr'>pro</span> <span class='ocrx_word' id='word_1_510' title='bbox 837 2550 930 2581; x_wconf 83' lang='lat' dir='ltr'>redu-</span> <span class='ocrx_word' id='word_1_511' title='bbox 972 2551 1039 2582; x_wconf 84' lang='lat' dir='ltr'>lare</span> <span class='ocrx_word' id='word_1_512' title='bbox 1070 2549 1259 2588; x_wconf 84' lang='lat' dir='ltr'>debuerint,</span> <span class='ocrx_word' id='word_1_513' title='bbox 1287 2550 1429 2582; x_wconf 86' lang='lat' dir='ltr'>dormire</span> <span class='ocrx_word' id='word_1_514' title='bbox 1453 2551 1700 2594; x_wconf 87' lang='lat' dir='ltr'>compellantur.</span> 
     </span>
     <span class='ocr_line' id='line_1_90' title="bbox 199 2602 1703 2648; baseline -0.004 -5"><span class='ocrx_word' id='word_1_515' title='bbox 199 2607 306 2643; x_wconf 86' lang='lat' dir='ltr'>ctione</span> <span class='ocrx_word' id='word_1_516' title='bbox 331 2606 568 2639; x_wconf 86' lang='lat' dir='ltr'>haereticorum</span> <span class='ocrx_word' id='word_1_517' title='bbox 594 2609 624 2637; x_wconf 90' lang='lat' dir='ltr'>et</span> <span class='ocrx_word' id='word_1_518' title='bbox 641 2603 929 2642; x_wconf 78' lang='lat' dir='ltr'>schismaticorum,</span> <span class='ocrx_word' id='word_1_519' title='bbox 972 2602 1041 2635; x_wconf 81' lang='lat' dir='ltr'>Sive</span> <span class='ocrx_word' id='word_1_520' title='bbox 1056 2608 1162 2635; x_wconf 87' lang='lat' dir='ltr'>autem</span> <span class='ocrx_word' id='word_1_521' title='bbox 1177 2602 1347 2643; x_wconf 83' lang='lat' dir='ltr'>dormiant,</span> <span class='ocrx_word' id='word_1_522' title='bbox 1362 2603 1428 2635; x_wconf 90' lang='lat' dir='ltr'>sive</span> <span class='ocrx_word' id='word_1_523' title='bbox 1446 2603 1589 2646; x_wconf 79' lang='lat' dir='ltr'>vigilent,</span> <span class='ocrx_word' id='word_1_524' title='bbox 1604 2604 1703 2648; x_wconf 88' lang='lat' dir='ltr'>quieti</span> 
     </span>
    </p>
   </div>
   <div class='ocr_carea' id='block_1_6' title="bbox 1607 235 1902 275">
    <p class='ocr_par' dir='ltr' id='par_1_13' title="bbox 1607 235 1902 275">
     <span class='ocr_line' id='line_1_91' title="bbox 1607 235 1902 275; baseline 0.02 -6"><span class='ocrx_word' id='word_1_525' title='bbox 1607 235 1671 270; x_wconf 84' lang='lat'>885</span> <span class='ocrx_word' id='word_1_526' title='bbox 1717 245 1766 273; x_wconf 67' lang='lat' dir='ltr'>An.</span> <span class='ocrx_word' id='word_1_527' title='bbox 1787 246 1815 274; x_wconf 89' lang='lat' dir='ltr'>e.</span> <span class='ocrx_word' id='word_1_528' title='bbox 1836 248 1902 275; x_wconf 79' lang='lat'><strong>¹688</strong></span> 
     </span>
    </p>
   </div>
  </div>
 </body>
</html>
