2111 3157
23 188 72 213 An.
87 185 117 212 C.
142 183 206 210 1687

212 234 343 275 oportet
367 230 474 264 sinere
495 234 531 263 ut
544 233 789 269 commoveatur,
808 228 882 272 quia
900 233 948 261 est

210 289 337 318 natura.

255 347 344 371 xvm.
359 336 417 375 Qui
431 335 462 369 in
477 336 622 370 oratione
633 335 732 368 utitur
744 334 945 376 imaginibus,

211 389 322 432 liguris
338 416 345 429 ,
372 389 542 433 speciebus
566 393 598 420 et
620 387 761 432 propriis
785 387 947 430 concepti-

210 442 280 483 bus,
299 452 365 475 non
385 442 498 475 adorat
520 441 620 474 Deum
645 440 677 473 in
697 440 812 484 spiritu
838 444 870 472 et
893 450 945 472 ve-

210 495 315 528 ritate.

252 557 313 581 xlx.
340 546 397 585 Qui
423 551 506 579 amat
522 546 620 579 Deum
638 555 675 578 eo
694 545 790 579 modo
807 555 871 588 quo
894 555 944 578 ra-

209 600 253 633 tio
286 605 546 642 argumentatur,
577 604 630 631 aut
654 598 836 631 intellectus
861 608 944 631 com-

208 653 395 696 prehendit,
419 662 484 684 non
509 656 594 684 amat
612 660 720 683 verum
744 650 856 683 Deum.

250 716 301 739 xx.
328 706 483 738 Asserere
512 704 595 747 quod
628 704 660 735 in
692 703 836 737 oratione
862 714 941 747 opus

207 763 254 791 est
277 758 338 791 sibi
373 767 431 800 per
463 756 641 789 discursum
675 756 827 788 auxilium
860 756 941 789 serre

206 817 238 844 et
261 820 321 855 per
350 808 584 852 cogitationes,
611 809 740 852 quando
772 808 856 841 Deus
880 809 942 841 ani-

204 873 288 896 mam
325 872 390 896 non
427 861 621 904 alloquitur,
659 861 842 904 ignorantia
880 867 937 894 est.

203 915 284 949 Deus
315 925 476 958 nunquam
516 915 678 958 loquitur;
719 915 787 947 eius
820 915 939 948 locutio

203 972 254 1000 est
270 967 438 1011 operatio,
462 971 494 999 et
510 976 639 1009 semper
659 966 690 998 in
710 967 812 1001 anima
831 977 939 1010 opera-

203 1025 263 1061 tum,
289 1021 419 1064 quando
445 1020 524 1052 haec
555 1019 619 1052 suis
645 1020 860 1059 discursibus,
887 1030 940 1053 eo-

202 1073 411 1117 gitationibus
436 1078 468 1106 et
492 1073 736 1117 operationibus
770 1084 841 1106 eum
873 1084 938 1107 non

202 1127 349 1171 impedit.

243 1190 306 1214 xxi.
333 1180 367 1213 ln
392 1180 537 1213 oratione
570 1189 651 1223 opus
677 1184 725 1213 est
751 1190 881 1213 manere
908 1180 938 1212 in

201 1233 263 1267 side
288 1233 423 1266 obseura
449 1238 480 1266 et
503 1233 676 1266 universali
697 1243 768 1265 cum
788 1233 894 1276 quiete
909 1239 939 1266 et

199 1286 362 1320 oblivione
387 1286 618 1329 cuiuscumque
643 1286 844 1328 cogitationis
869 1297 938 1329 pai>-

201 1338 345 1372 ticularis
371 1349 406 1372 ae
430 1339 602 1372 distinctae
625 1339 853 1372 attributorum
882 1340 937 1372 Dei

200 1404 236 1426 ae
267 1393 450 1434 Trinitatis,
477 1398 509 1426 et
532 1394 576 1425 sie
608 1393 639 1425 in
666 1393 720 1425 Dei
752 1393 959 1436 praesentia

200 1455 332 1479 manere
357 1445 396 1478 ad
421 1445 511 1478 illum
541 1445 739 1478 adorandum
775 1450 807 1478 et
829 1456 937 1478 aman-

201 1499 298 1540 dum,
324 1498 420 1542 eique
444 1498 707 1539 inserviendum,
735 1499 790 1532 sed
816 1499 936 1542 absque

200 1552 411 1596 productione
447 1556 591 1592 actuum,
618 1551 691 1595 quia
722 1552 804 1584 Deus
830 1551 861 1584 in
887 1552 937 1585 his

201 1605 262 1638 sibi
288 1616 352 1639 non
378 1606 568 1649 complacet.

243 1668 318 1692 xxn.
344 1658 490 1701 Cognitio
509 1659 588 1691 hace
607 1669 665 1701 per
686 1658 780 1692 fidem
801 1668 864 1692 non
889 1664 938 1692 est

200 1716 288 1744 actus
312 1721 330 1744 a
354 1712 502 1744 creatura
526 1711 712 1754 productus,
739 1712 795 1743 sed
821 1716 869 1744 est
889 1722 939 1744 co-

201 1763 304 1806 gnitio
336 1773 355 1796 a
384 1763 449 1796 Deo
482 1768 646 1796 creaturae
683 1764 810 1802 tradita,
844 1775 938 1807 quam

200 1821 348 1849 ereatura
380 1825 414 1849 se
440 1815 559 1849 habere
585 1826 647 1848 non
673 1817 849 1858 cognoscit,
880 1827 961 1855 nec,

199 1876 312 1912 postea
345 1869 512 1911 cognoscit
536 1870 623 1902 illam
648 1878 679 1902 se
706 1869 878 1911 babuisse;
906 1875 938 1903 et

200 1921 286 1956 idem
311 1922 428 1956 dicitur
449 1923 487 1955 de
512 1932 632 1955 amore.

246 1987 334 2010 xxm.
351 1976 471 2020 Mystici
486 1987 555 2008 cum
570 1976 601 2008 S.
619 1976 784 2009 Bet-nardo
798 1976 829 2008 in
844 1976 936 2009 Scala

201 2029 431 2062 claustralium
446 2028 649 2071 distinguunt
663 2034 798 2072 quatuor
810 2030 935 2071 gradus·

200 2082 385 2120 lectionem,
411 2081 664 2120 meditationem,
691 2082 873 2114 orationem
906 2088 938 2115 ct

201 2134 511 2178 contemplationem
544 2133 692 2166 infusam.
727 2133 784 2172 Qui
810 2145 938 2178 semper

200 2188 235 2221 in
258 2187 361 2232 primo
393 2187 487 2226 sistit,
512 2197 677 2230 nunquam
698 2187 736 2219 ad
761 2189 937 2221 seeundum

200 2241 387 2286 pertransit.
414 2239 472 2279 Qui
498 2250 630 2282 semper
655 2239 686 2272 in
712 2241 854 2274 secundo
869 2252 939 2284 per-

201 2294 292 2333 sistit,
316 2303 481 2336 nunquam
508 2292 545 2325 ad
565 2292 693 2325 tertium
713 2293 868 2336 pervenit,
884 2294 937 2337 qui

201 2353 249 2381 est
266 2351 377 2380 nostra
394 2346 623 2388 contemplatio
638 2345 806 2388 acquisita.
826 2346 859 2379 ln
877 2358 938 2390 qua

202 2409 261 2443 per
285 2404 383 2432 totam
407 2398 502 2431 vitam
518 2398 754 2441 persistendum
773 2404 831 2438 est,
850 2399 940 2431 dum-

202 2452 298 2485 modo
322 2451 406 2485 Deus
430 2451 569 2484 animam
592 2460 657 2483 non
677 2451 794 2491 trahat,
817 2451 938 2495 absque

203 2514 241 2538 eo
260 2505 344 2548 quod
362 2504 432 2548 ipsa
449 2503 479 2536 id
498 2509 657 2546 expectet,
676 2504 715 2535 ad
741 2506 939 2548 contempla-

205 2558 322 2591 tionem
347 2556 499 2596 infusam,
525 2561 556 2588 et
582 2557 642 2589 hae
660 2562 814 2597 cessante,
832 2558 938 2591 anima

281 2619 360 2646 aaa.
384 2621 464 2646 nom.
486 2635 518 2639 —
544 2620 601 2646 1'01.
623 2619 696 2646 xlx.
750 2609 753 2611 ’
840 2620 873 2645 as

802 179 1013 205 INNOCENTlUS
1035 180 1065 204 XI
1093 180 1139 204 Μ’.

990 228 1116 271 regredi
1143 229 1240 262 debet
1264 229 1301 262 ad
1329 228 1457 262 tertium
1478 229 1621 271 gradum,
1641 235 1672 262 et
1690 229 1720 261 in

990 280 1061 324 ipso
1076 292 1274 325 permanere,
1290 282 1412 325 absque
1427 293 1464 315 eo
1480 282 1566 326 quod
1583 282 1719 326 amplius

989 335 1099 368 redeat
1122 335 1160 368 ad
1181 335 1359 368 secundum
1384 341 1435 368 aut
1460 335 1611 379 primum.

1030 398 1114 422 xxiv.
1147 388 1402 432 Qualescumque
1438 389 1649 432 cogitationes
1686 389 1718 421 in

987 442 1131 475 oratione
1146 447 1328 482 occurrant,
1344 442 1439 475 etiam
1454 442 1608 485 impurae,
1624 441 1718 475 etiam

987 500 1099 527 contra
1122 495 1237 533 Deum,
1265 494 1413 535 Sanctos,
1437 494 1534 528 fidem
1563 500 1594 527 et
1616 504 1720 528 saera-

985 553 1102 588 menta,
1118 548 1142 580 si
1159 548 1340 581 voluntarie
1360 558 1423 580 non
1442 547 1636 586 nutriantur,
1659 558 1718 582 nee

985 600 1165 634 voluntarie
1189 601 1400 644 expellantur,
1419 600 1475 633 sed
1501 611 1571 634 cum
1596 599 1720 633 indiffe-

986 653 1087 686 rentia
1116 659 1148 686 et
1176 653 1394 695 resignatione
1427 655 1627 694 tolerentur,
1653 664 1718 686 non

985 706 1165 748 impediunt
1181 706 1363 738 orationem
1379 704 1470 745 sidci;
1487 706 1548 739 imo
1563 715 1632 739 eam
1647 715 1719 749 per-

985 758 1148 790 fectiorem
1170 757 1326 796 efficiunt,
1345 758 1420 800 quia
1441 757 1545 790 anima
1563 763 1637 790 tune
1658 769 1718 790 ma-

984 810 1031 852 gis
1050 810 1173 842 divinae
1196 810 1352 843 voluntati
1379 810 1540 851 resignata
1562 816 1717 843 remanet.

1025 873 1094 896 xxv.
1121 862 1252 895 Etiamsi
1285 862 1489 905 superveniat
1520 872 1651 895 somnus
1686 869 1718 895 et

983 915 1172 955 dormiatur,
1190 915 1402 948 nihilominus
1420 914 1454 946 sit
1471 915 1575 947 oratio
1597 920 1627 947 et
1647 925 1719 947 con-

983 967 1150 1010 templatio
1175 967 1320 1007 actualis,
1346 967 1419 1010 quia
1445 966 1548 999 oratio
1575 972 1606 999 et
1639 968 1719 1000 resi-

982 1020 1104 1064 gnatio,
1133 1020 1309 1063 resignatio
1335 1026 1366 1053 et
1390 1021 1493 1052 oratio
1526 1021 1609 1053 idem
1635 1026 1715 1059 sunt,

983 1079 1014 1107 et
1038 1074 1110 1106 dum
1138 1073 1310 1116 resignatio
1335 1073 1496 1116 perdurat,
1516 1073 1670 1116 perdurat
1687 1078 1719 1106 et

982 1127 1096 1160 oratio.

1025 1189 1103 1213 xxvi.
1124 1180 1199 1212 'l'res
1213 1180 1286 1213 illae
1301 1179 1380 1219 viae,
1399 1179 1577 1222 purgativa,
1599 1179 1717 1212 illumi-

982 1234 1087 1266 nativa
1113 1239 1145 1266 et
1168 1233 1299 1272 unitiva,
1319 1239 1391 1266 sunt
1416 1233 1592 1265 absurdum
1618 1233 1716 1265 maxi-

982 1297 1067 1319 mum
1100 1286 1185 1330 quod
1219 1286 1339 1318 dictum
1372 1285 1469 1318 suerit
1501 1285 1530 1317 in
1563 1285 1691 1328 mystica
1709 1312 1715 1321 ,

981 1351 1053 1372 eum
1079 1350 1143 1372 non
1170 1339 1208 1371 sit
1238 1339 1297 1371 nisi
1318 1339 1413 1371 unica
1436 1338 1493 1377 via,
1521 1338 1644 1370 seilicet
1667 1338 1715 1370 via

980 1394 1120 1427 interna.

1023 1457 1117 1480 xxv11.
1144 1444 1201 1484 Qui
1217 1445 1381 1478 desiderat
1398 1449 1429 1478 et
1446 1444 1650 1488 amplectitur
1667 1445 1718 1477 dc-

980 1500 1142 1533 votionem
1166 1499 1364 1538 sensibilem,
1384 1508 1449 1531 non
1471 1498 1633 1532 desiderat
1658 1508 1716 1531 nec

982 1553 1106 1596 quaerit
1130 1552 1249 1592 Deum,
1276 1552 1332 1584 sed
1361 1562 1394 1584 se
1430 1551 1554 1594 ipsum,
1580 1556 1610 1584 et
1635 1553 1717 1585 male

981 1606 1055 1650 agit,
1081 1616 1151 1638 cum
1170 1615 1239 1638 eam
1257 1603 1436 1637 desideret⁴
1458 1609 1489 1637 et
1507 1615 1575 1637 eam
1595 1604 1715 1636 habere

981 1664 1125 1697 conatur,
1150 1658 1202 1700 qui
1229 1667 1286 1700 per
1302 1656 1383 1688 viam
1402 1657 1562 1689 internam
1582 1657 1714 1697 incedit,

983 1716 1044 1743 tam
1070 1710 1103 1742 in
1127 1710 1207 1743 locis
1232 1709 1339 1749 sacris,
1366 1720 1460 1752 quam
1480 1709 1511 1742 in
1533 1709 1649 1742 diebus
1667 1720 1718 1742 so-

982 1763 1153 1797 lemnibus.

1024 1827 1133 1849 xxv111.
1148 1815 1301 1848 Taedium
1317 1825 1423 1848 rerum
1438 1814 1651 1858 spiritualium
1665 1815 1716 1849 lio-

983 1880 1059 1903 num
1088 1874 1155 1909 est,
1181 1868 1340 1912 siquidem
1365 1878 1426 1911 per
1449 1868 1528 1901 illud
1560 1874 1717 1912 purgatur

981 1932 1071 1955 amor
1096 1921 1260 1965 proprius.

1023 1986 1106 2009 xxix.
1135 1975 1214 2007 Dum
1235 1974 1342 2007 anima
1365 1974 1493 2007 interna
1514 1974 1635 2007 fastidit
1659 1975 1718 2008 dis-

981 2039 1095 2061 cursus
1120 2028 1159 2061 de
1179 2028 1243 2060 Deo
1269 2032 1300 2060 et
1316 2027 1457 2067 virtutes,
1473 2032 1506 2059 et
1529 2027 1646 2070 frigida
1672 2038 1718 2061 re-

980 2086 1096 2119 manet,
1114 2081 1239 2113 nullum
1257 2080 1288 2112 in
1307 2090 1339 2112 se
1364 2079 1433 2123 ipsa
1451 2079 1596 2113 sentiens
1614 2080 1716 2115 servo-

980 2144 1056 2173 rem,
1083 2133 1201 2166 bonum
1227 2133 1354 2175 signum
1373 2137 1435 2165 est.

1023 2196 1095 2219 xxx.
1115 2185 1226 2218 Totum
1245 2184 1408 2223 sensibile,
1425 2184 1512 2227 quod
1533 2185 1718 2228 experimur

981 2240 1012 2273 in
1039 2239 1101 2271 vita
1125 2237 1296 2281 spirituali,
1314 2241 1364 2270 est
1383 2237 1609 2279 abominabile,
1626 2249 1716 2283 spur·

981 2302 1050 2324 cum
1069 2297 1101 2324 et
1117 2290 1330 2323 immundum.

1023 2355 1106 2378 xxxi.
1127 2344 1238 2377 Nullus
1256 2344 1461 2377 meditativus
1476 2354 1568 2377 veras
1584 2344 1717 2378 virtutes

982 2403 1108 2432 exercet
1129 2397 1280 2437 internas
1302 2407 1383 2441 quae
1399 2408 1463 2430 non
1484 2398 1604 2431 dehent
1620 2409 1636 2431 a
1650 2408 1718 2431 sen-

981 2452 1068 2485 sibus
1102 2450 1266 2493 cognosci.
1297 2449 1382 2494 Opus
1409 2455 1457 2483 est
1488 2451 1636 2484 amittere
1661 2451 1718 2484 vir-

983 2509 1077 2537 tutes.

1019 2567 1029 2593 1
1047 2565 1177 2600 Legerem
1198 2563 1341 2593 indicativo
1357 2564 1437 2594 modo
1453 2565 1597 2595 desiderat
1612 2565 1652 2602 (n.
1667 2565 1717 2601 τ.).

1612 171 1674 204 777
1721 179 1768 206 An.
1787 179 1816 205 e.
1839 179 1905 207 1687
