2111 3157
170 242 265 272 lime.
288 242 357 270 1681,
401 232 465 267 552
611 266 614 269 ,

171 307 216 325 ω,
237 291 466 331 direcii=a‚sistat,
491 289 632 324 debitam
657 288 742 321 inter
765 287 922 326 membra,
948 289 1099 328 respectu

172 333 259 357 eiu<quoe
283 336 353 359 neces·

171 361 244 378 tituto.
262 363 286 377 ae
299 362 354 382 prtu-

171 385 233 409 tipus
248 384 354 410 practicis,

171 413 194 429 111
212 410 252 430 hoc
274 411 354 429 inuitu-

172 438 214 456 tnm
225 438 325 461 perpetuo
334 435 353 458 in

171 463 228 482 clero
243 467 353 483 conserve·

365 342 582 386 superiorum,
598 341 786 373 interiorum
800 338 1099 372 subordinationem

364 395 513 439 requirit.
540 394 648 433 Unde,
674 396 803 436 praeter
824 391 988 435 publicam
1011 400 1100 423 reve-

364 446 564 481 rendissimis
585 445 764 479 Ordinariis
781 444 1012 488 praestandam
1029 443 1100 476 obe-

364 500 527 540 dientiam,
545 499 704 543 quaedam
722 497 878 532 directiva
901 507 1041 536 morum,
1059 496 1098 528 ad

363 553 555 596 disciplinae
573 552 718 595 vigorem
739 552 771 585 in
789 552 878 585 clero
896 550 1098 589 servandum,

362 605 528 646 statuitur,
550 615 608 649 per
632 615 729 649 quam
746 605 961 647 singulorum,
985 602 1039 646 qui
1058 603 1097 636 de

362 659 426 692 hoc
445 659 595 692 instituto
620 663 705 699 sunt,
726 658 790 691 vita
806 657 839 691 in
858 658 908 690 via
931 656 1096 690 charitatis

362 712 548 746 immediate
572 712 773 756 inspiciatur,
789 717 821 745 ct
837 711 883 744 sic
899 709 1008 744 clerici
1026 719 1098 743 eum

361 775 422 799 suo
446 766 593 808 legitimo
618 765 734 809 capite,
754 765 840 808 quod
860 768 933 797 sunt
948 763 1096 796 Summus

362 818 509 851 Pontifex
544 823 573 851 et
613 817 877 851 reverendissimi
912 815 1095 855 ordinarii,

362 871 536 915 perfectius
562 880 656 914 quam
679 880 820 913 unquam
845 869 1081 903 coadunentur.

407 933 488 957 wa.
517 924 616 957 Porro
634 924 714 956 haec
728 922 936 966 superiorum
954 921 1098 958 eiusdem

367 975 504 1010 instituti
529 975 676 1015 directio,
698 975 821 1017 privata
841 974 1048 1008 solummodo
1067 978 1098 1006 et

364 1028 583 1067 oeconomica,
610 1038 647 1060 eo
672 1027 875 1071 potissimum
901 1031 1046 1070 spectat,
1064 1031 1098 1058 ut

364 1092 382 1115 a
406 1082 530 1115 clericis
556 1081 660 1114 eidem
686 1080 822 1113 addictis
847 1080 955 1113 omnia
980 1085 1011 1112 et
1035 1079 1099 1111 sin-

365 1136 438 1178 gula
464 1139 528 1167 tam
553 1134 586 1166 in
611 1132 832 1176 spiritualibus
854 1143 950 1176 quam
966 1132 999 1164 in
1020 1137 1099 1165 tem·

363 1187 530 1231 poralibus
561 1186 650 1219 iuxta
681 1185 827 1219 eiusdem
852 1185 1098 1219 constitutiones

363 1240 459 1274 fiant:
478 1240 532 1284 qui
550 1245 661 1274 contra
675 1250 728 1274 eas
742 1239 949 1283 deliquerint,
964 1244 1098 1282 paterne

363 1299 575 1335 moneantur;
603 1294 681 1337 quin
717 1299 749 1327 et
784 1294 870 1326 inter
901 1293 1097 1326 domesticos

363 1346 506 1390 parietes
537 1346 713 1380 levioribus
737 1346 872 1389 poeniS‚
896 1345 1098 1378 medicinali-

362 1399 424 1433 bus
449 1399 666 1443 potissimum,
684 1399 709 1431 si
731 1409 783 1431 res
807 1399 850 1431 ita
874 1399 1038 1441 postulare
1057 1397 1100 1430 vi-

365 1453 499 1493 deantur,
533 1453 757 1495 corrigantur:
784 1451 805 1484 ii
838 1451 978 1494 denique
1003 1451 1057 1494 qui
1082 1462 1099 1483 a

365 1505 641 1539 reverendissimis
677 1505 814 1539 dominis
848 1504 1026 1538 Ordinariis
1057 1505 1099 1538 ob

365 1559 527 1602 graviores
563 1569 713 1592 excessus
747 1558 877 1601 publica
912 1558 1099 1591 auctoritate

366 1611 470 1656 puniti
495 1611 624 1651 suerint,
642 1612 882 1654 subsequenter
899 1610 931 1642 in
954 1610 1101 1644 domibus

367 1665 578 1698 emeritorum
594 1691 602 1704 ,
635 1673 695 1707 per
720 1663 874 1697 exercitia
898 1663 1077 1707 spiritualia
1092 1690 1099 1703 ,

367 1719 516 1761 exempla
532 1723 563 1751 et
583 1717 705 1754 monita
730 1718 858 1760 piorum
884 1717 1035 1756 virorum,
1053 1726 1102 1749 50-

366 1771 431 1804 lide
457 1770 683 1804 emendentur.
710 1770 744 1803 111
768 1770 904 1812 reliquis
928 1780 1013 1809 vero,
1039 1772 1103 1802 unzi

368 1834 439 1855 cum
465 1822 613 1856 omnibus
637 1822 778 1855 instituti
804 1822 899 1854 huius
930 1822 1101 1861 membris,

369 1876 472 1919 quivis
497 1875 647 1918 superior
671 1875 799 1908 Summo
832 1875 975 1908 Pontifici
1000 1881 1031 1907 et
1055 1885 1104 1907 re-

370 1928 596 1961 verendissimi
623 1927 744 1961 domini
761 1927 922 1960 Ordinarii
945 1928 994 1960 sui
1014 1927 1106 1960 iuris-

372 1981 507 2015 dictioni
532 1981 576 2014 sic
595 1981 717 2021 subest,
733 1986 767 2012 ut
785 1991 851 2014 non
867 1986 990 2014 tantum
1003 1980 1041 2014 ad
1058 1991 1104 2021 ea,

371 2045 453 2078 quae
467 2045 484 2066 a
503 2034 632 2068 clericis
648 2034 868 2067 saecularibus
889 2033 1106 2066 communiter

372 2088 567 2131 praestanda
591 2092 673 2127 sunt,
699 2087 755 2120 sed
780 2087 877 2119 etiam
895 2086 934 2119 ad
955 2086 1107 2119 constitu-

374 2139 510 2173 tionem¹
532 2139 627 2172 huius
645 2139 781 2172 instituti
806 2150 841 2171 ac
867 2139 993 2172 debitae
1013 2138 1106 2171 disci-

374 2192 482 2236 plinae
509 2192 769 2226 observationem
790 2203 807 2225 a
827 2191 1106 2225 reverendissimis

377 2245 515 2278 dominis
538 2245 717 2278 Ordinariis
742 2245 899 2288 adstringi
923 2245 1062 2288 possint.

420 2308 490 2331 va.
528 2297 742 2336 Quamobrem
775 2309 887 2332 onmes
924 2304 955 2331 et
990 2298 1109 2340 singuli

378 2360 444 2383 non
470 2352 574 2383 solum
591 2351 647 2383 Dei
668 2352 817 2384 mandata
845 2351 1015 2394 divinaque
1037 2361 1110 2384 eon-

379 2403 453 2436 silia
470 2403 607 2436 fideliter
626 2404 809 2443 observent,
829 2410 859 2437 et
887 2403 1112 2436 niandatis'or-

381 2455 666 2499 dinationibusque
698 2463 826 2490 sanctae
859 2457 950 2490 Sedis
975 2457 1113 2500 Aposto-

380 2509 461 2543 licae
483 2520 520 2541 ac
544 2509 882 2542 reverendissimorum
907 2510 1111 2543 dominorum

381 2562 623 2596 Ordinariorum
641 2563 748 2595 debite
767 2573 835 2595 sese
854 2563 1044 2603 subiiciunt,
1062 2573 1113 2595 ve-

417 2626 427 2651 1
451 2623 549 2650 Forsan
569 2624 802 2651 constitutionum
822 2625 859 2658 (11.
876 2624 925 2659 r).

940 235 1120 262 BULLARIUM
1144 234 1295 260 Romami

1142 294 1214 317 rum
1239 284 1336 318 etiam
1368 283 1651 320 constitutionibus
1676 288 1709 317 et
1733 284 1876 328 discipli-

1142 347 1201 370 nae
1219 338 1315 371 huius
1334 337 1493 379 instituti,
1513 343 1575 371 tam
1592 348 1764 381 supremus
1784 348 1876 381 prae-

1141 402 1191 424 ses
1216 396 1247 424 et
1279 392 1463 435 superiores
1488 391 1628 435 reliqui,
1654 402 1750 435 quam
1776 393 1874 427 ceteri

1141 445 1251 478 clerici
1279 445 1524 488 obtemperent,
1552 451 1649 489 prout
1675 446 1876 480 uniuscuius-

1141 508 1201 540 que
1219 498 1362 531 conditio
1382 497 1529 540 requirit,
1547 503 1582 530 ut
1599 498 1645 531 sic
1669 503 1753 531 totus
1776 504 1875 533 status

1140 550 1358 594 undequaque
1390 551 1554 594 perfectus
1580 551 1613 584 in
1637 554 1875 595 sua-compage

1140 610 1362 637 conservetur.
1389 604 1536 638 Ceterum
1562 605 1748 639 obedientia
1770 616 1876 649 respe-

1140 662 1191 689 ctu
1232 658 1436 701 superiorum
1472 658 1568 691 huius
1604 658 1743 691 instituti
1785 659 1875 693 nulla

1140 720 1176 742 ex
1202 711 1336 753 speciali
1369 711 1568 754 obligatione
1600 711 1794 752 iuramenti,
1820 712 1876 745 sed

1140 764 1343 798 solummodo
1369 775 1406 798 ea
1430 770 1480 798 est
1506 775 1588 808 quae
1621 775 1658 798 ex
1690 765 1759 798 iure
1783 769 1876 798 natu-

1139 817 1198 850 rali
1222 817 1255 850 in
1280 818 1392 860 quovis
1421 823 1504 851 statu
1538 818 1699 862 superiori
1731 818 1876 863 legitime

1140 870 1285 903 mandari
1310 871 1457 905 debetur.

1183 932 1265 956 var
1292 923 1496 967 Superiores,
1522 934 1555 958 se
1581 925 1669 968 ipsos
1691 926 1874 969 exemplum

1141 977 1349 1018 praebentes,
1376 977 1410 1010 in
1438 977 1636 1021 quotidianis
1661 978 1822 1011 exercitiis
1846 984 1878 1012 et

1141 1029 1365 1063 observatione
1396 1036 1532 1063 statutae
1565 1031 1756 1074 disciplinae
1780 1031 1875 1075 primi

1141 1082 1329 1122 existentes,
1350 1093 1410 1126 per
1433 1083 1638 1126 prudentiam
1657 1089 1689 1116 et
1705 1083 1876 1117 discretam

1141 1135 1395 1168 moderationem
1431 1137 1471 1169 ad
1503 1136 1550 1169 sui
1583 1147 1727 1169 amorem
1763 1146 1876 1170 omnes

1142 1188 1317 1228 trahentes,
1337 1189 1374 1221 ea
1398 1188 1552 1221 suavitate
1580 1194 1733 1231 regnent,
1750 1200 1813 1232 qua
1836 1190 1876 1223 ab

1141 1239 1306 1281 omnibus,
1325 1240 1439 1274 libenti
1464 1237 1587 1281 animo,
1607 1241 1799 1279 rationabile
1822 1242 1878 1275 ob-

1141 1293 1288 1335 sequium
1301 1293 1491 1336 disciplinae
1504 1293 1778 1338 obedientiaeque
1788 1305 1879 1338 prae-

1141 1350 1256 1378 stetur.
1274 1346 1364 1382 Unde
1378 1372 1385 1384 ,
1406 1347 1556 1389 quamdiu
1573 1357 1633 1390 per
1656 1348 1742 1380 solas
1765 1348 1876 1382 admo-

1141 1398 1280 1431 nitiones
1304 1403 1520 1443 paternasque
1552 1399 1773 1434 ordinationes
1804 1402 1880 1434 sub-

1142 1451 1226 1485 ditos
1251 1452 1290 1489 ad
1315 1462 1364 1491 ea,
1390 1463 1473 1495 quae
1502 1453 1696 1495 praestanda
1720 1458 1805 1493 sunt,
1828 1454 1877 1487 in-

1143 1504 1262 1537 ducere
1293 1505 1401 1538 valent
1421 1533 1428 1546 ,
1467 1511 1625 1548 potestate
1662 1507 1722 1539 sibi
1762 1507 1879 1540 tradita

1142 1557 1340 1591 mandando¹
1359 1559 1417 1591 sub
1435 1558 1640 1592 obedientiae
1664 1559 1805 1599 vinculo,
1830 1558 1894 1592 uti.

1144 1621 1209 1643 non
1234 1611 1373 1650 debent3
1393 1611 1449 1644 sed
1471 1611 1677 1644 solummodo
1703 1612 1778 1645 dum
1803 1613 1878 1645 sub-

1144 1664 1227 1697 ditos
1244 1674 1319 1696 suos
1336 1664 1396 1697 alia
1414 1664 1539 1697 ratione
1556 1664 1587 1697 in
1606 1665 1702 1697 rebus
1725 1665 1878 1708 gravioris

1145 1717 1297 1750 momenti
1322 1717 1361 1750 ad
1392 1717 1627 1750 observantiam
1651 1727 1760 1750 rerum
1785 1728 1878 1761 prae-

1145 1769 1334 1812 scriptarum
1351 1769 1506 1802 inducere
1527 1774 1701 1812 nequeant.
1717 1770 1796 1803 Prae
1813 1771 1879 1814 pri-

1146 1823 1204 1855 mis
1230 1831 1306 1855 vero
1330 1822 1498 1855 attendere
1529 1822 1650 1855 debent
1674 1823 1713 1855 ad
1738 1823 1879 1856 debitam

1147 1880 1339 1917 punctorum
1355 1875 1625 1914 substantialium,
1643 1876 1880 1909 communitatis

1146 1928 1329 1966 bonorum,
1364 1926 1614 1959 cohabitationis
1638 1927 1798 1961 fraternae
1815 1954 1822 1968 ,
1849 1932 1881 1961 et

1148 1979 1321 2013 mulierum
1338 1979 1562 2023 separationis,
1579 1979 1754 2023 practicam
1773 1981 1881 2014 obser-

1148 2032 1299 2067 vantiam.

1192 2095 1286 2118 van.
1313 2083 1482 2118 Ordinarie
1506 2090 1615 2119 autem
1639 2086 1693 2119 1110
1717 2086 1797 2120 ordo
1813 2113 1821 2127 ,
1847 2085 1881 2119 in

1149 2138 1352 2172 correctione
1388 2138 1523 2171 alicuius
1568 2138 1623 2182 qui
1652 2143 1765 2172 contra
1792 2138 1882 2172 insti-

1150 2191 1207 2224 tuti
1233 2191 1480 2225 constitutiones
1506 2202 1542 2225 ac
1567 2191 1741 2235 praecipue
1772 2197 1884 2225 contra

1150 2250 1268 2288 puncta
1285 2244 1505 2277 substantialia
1522 2244 1690 2287 delinquit,
1711 2244 1884 2278 conformi-

1153 2304 1200 2330 ter
1223 2303 1396 2340 praecepto
1422 2297 1461 2330 de
1487 2298 1626 2330 fraterna
1644 2298 1848 2331 correctione
1867 2309 1885 2330 a

1154 2351 1283 2384 Cliristo
1301 2350 1432 2383 domino
1450 2356 1573 2388 nostro,
1592 2350 1702 2382 Matth.
1722 2360 1809 2390 xviii,
1832 2361 1885 2383 ex-

1154 2403 1289 2447 posita²,
1308 2403 1484 2436 servandus
1502 2403 1573 2435 erit.
1593 2402 1700 2435 Primo
1717 2408 1886 2436 moneatur

1155 2458 1294 2489 fraterne
1332 2457 1371 2489 ab
1408 2455 1592 2489 immediato
1628 2455 1797 2498 superiore
1827 2466 1885 2489 suo

1155 2510 1201 2542 vel
1227 2509 1290 2541 alio
1316 2518 1535 2552 quocumque.
1563 2507 1721 2548 Secundo,
1746 2508 1774 2540 si
1804 2508 1886 2541 hacc

1192 2581 1201 2605 1
1225 2578 1377 2613 Legendum
1396 2578 1558 2605 mandandi
1574 2579 1613 2607 (a.
1627 2578 1675 2611 ’τ.).

1191 2623 1208 2648 2
1228 2623 1322 2658 Aptius
1341 2622 1399 2657 lege
1418 2622 1544 2657 exposito
1563 2626 1601 2655 (n.
1618 2622 1667 2656 τ.).

1877 234 1928 262 An.
1949 233 1977 262 C.
2001 234 2066 263 “331
