2111 3157
167 192 214 220 An.
231 192 258 221 C.
284 194 348 222 1678

192 2260 337 2285 Pras—cipitur,

155 2290 177 2307 nl
197 2287 294 2307 rril⁴laliir
311 2296 314 2303 v
330 2287 339 2301 ’-

394 186 436 221 92

361 256 397 279 ae
432 247 539 281 omnia
567 253 599 281 et
627 248 754 291 singula
783 248 977 281 dilectorum
1011 247 1093 281 filio-

361 310 431 332 rum
447 302 697 334 secretariorum
713 301 898 334 huiusmodi
916 301 1021 334 officia
1035 312 1094 344 per

361 353 522 395 quoslibet
533 354 737 396 quantumvis
752 356 903 396 expressa
918 360 948 386 et
963 354 1092 396 speciali

361 407 436 437 nota
451 406 563 447 dignos
578 417 725 448 possessa
736 407 846 449 (etiam
860 407 914 440 illa
931 407 997 447 tria,
1013 418 1094 450 quae

361 457 393 489 in
418 464 610 501 perpetuum
636 470 790 492 concessa
814 465 911 503 atque
935 460 1095 503 assignata

361 510 497 549 suerunt,
523 522 621 544 unuin
645 513 798 545 videlicet
821 524 880 556 per
898 513 928 546 S.
952 513 1096 546 Salvato-

359 563 403 595 ris
428 564 467 596 ad
492 564 607 597 Sancta
631 565 841 605 Sanctorum,
867 572 899 599 et
923 567 1009 599 aliud
1039 577 1096 609 per

360 616 391 648 S.
415 616 552 659 Spiritus
578 618 610 649 in
639 618 731 650 Saxia
761 618 944 661 hospitalia,
971 619 1037 651 sive
1059 619 1096 651 il-

360 669 466 701 lorum
498 681 557 712 pro
594 676 739 713 [empore
776 671 949 704 existentes
979 671 1097 704 ot'ticia-

360 722 408 753 les
434 727 465 754 et
493 722 787 763 administratores,
814 729 908 766 atque
934 724 1096 766 reliquum

361 774 465 807 officia
500 775 682 808 huiusmodi
708 787 766 819 per
791 777 967 819 capitulum
994 783 1025 809 et
1049 788 1099 810 ca-

360 828 495 860 nonicos
526 829 700 861 saecularis
725 834 757 862 et
781 830 970 871 collegiatae
996 832 1097 863 eccle-

360 880 425 914 siae
445 880 476 913 S.
496 880 657 914 Eustachii
685 883 723 915 de
745 883 828 916 Urbe
855 883 989 916 dilectos
1014 883 1096 916 filios

360 933 540 975 respective
562 936 736 977 possessa),
758 936 946 969 auctoritate
967 942 1098 978 aposto-

360 985 432 1025 lica,
452 991 561 1019 tenore
587 988 819 1030 praesentium,
838 994 996 1031 perpetuo
1022 1000 1097 1032 sup-

359 1037 543 1080 primimus,
563 1040 781 1082 extinguimus
796 1046 827 1082 et
844 1041 1021 1080 abolemus,
1033 1044 1096 1073 una

360 1100 432 1122 cum
457 1091 589 1124 illorum
614 1093 744 1135 collegii
770 1093 901 1132 iuribus,
923 1103 1097 1136 praeroga-

359 1143 433 1175 tivis
460 1149 491 1176 et
517 1144 706 1187 privilegiis,
733 1145 850 1177 adeout
874 1146 978 1178 simile
1000 1147 1095 1178 colle-

359 1196 445 1237 gium
472 1197 718 1230 secretariorum
747 1197 934 1230 huiusmodi
963 1199 1095 1231 omnino

358 1253 475 1287 cesset,
494 1255 526 1281 et
543 1250 680 1292 amplius
706 1249 738 1282 in
763 1261 868 1283 rerum
896 1255 1010 1284 natura
1030 1249 1094 1284 n'on

359 1300 491 1342 existai3
519 1303 627 1334 omnia
652 1313 729 1335 vero
763 1304 950 1337 eorumdem
975 1304 1095 1337 officio—

357 1363 428 1385 rum
450 1354 699 1387 secretariorim
722 1361 753 1388 et
777 1357 907 1398 collegii
932 1357 1095 1390 huiusmo-

359 1406 389 1438 di
415 1417 476 1449 per
496 1413 685 1450 praesentes
704 1419 954 1451 suppressorum
974 1411 1095 1442 emolu-

356 1465 475 1500 menta,
501 1460 582 1501 iura,
607 1461 819 1493 obventiones
842 1467 873 1494 et
898 1461 978 1495 alios
999 1473 1095 1506 quos-

357 1522 495 1556 cumque
511 1519 693 1556 proventus,
707 1525 788 1557 qnae
804 1521 835 1547 et
852 1526 934 1558 quos
947 1516 1093 1548 volumus

357 1571 388 1597 et
412 1565 611 1598 intendimus
650 1577 780 1609 semper
805 1568 891 1600 salva
917 1573 949 1600 et
981 1568 1094 1601 illaesa

357 1623 388 1650 et
414 1620 517 1651 salvos
544 1624 576 1651 et
600 1619 730 1652 illaesos
756 1629 934 1659 remanere,
954 1621 992 1653 ad
1010 1632 1094 1653 com-

354 1672 486 1704 modum
507 1671 597 1704 Sedis
616 1672 831 1714 Apostolicae,
851 1673 970 1706 adeout
986 1674 1026 1706 ab
1044 1673 1091 1713 iis,

355 1724 409 1767 qui
435 1725 592 1757 hactenus
618 1725 673 1758 illa
691 1731 722 1757 et
739 1725 812 1758 illos
830 1727 1008 1767 solverunt,
1035 1727 1091 1759 ad-

354 1777 417 1810 huc
436 1778 616 1810 debeantur
633 1784 664 1811 et
684 1779 862 1818 solvantur,
879 1779 1026 1822 nihilque
1043 1791 1093 1822 pe-

353 1830 439 1862 nitus
460 1836 630 1863 censeatur
655 1842 689 1863 ac
708 1831 748 1863 sit
772 1832 877 1874 quoad
896 1832 950 1865 illa
969 1838 1000 1864 et
1017 1833 1090 1865 illos

353 1882 551 1922 innovatum,
570 1884 704 1926 perinde
720 1894 755 1916 ac
771 1884 794 1915 si
813 1895 966 1926 praesens
984 1890 1090 1918 motus

315 1934 318 1939 ’
353 1936 502 1977 proprius
520 1936 652 1968 minime
670 1942 860 1976 emanasset,
875 1942 906 1969 et
922 1947 985 1969 non
1001 1937 1088 1977 alias,

352 1995 425 2027 etc.,
442 1988 480 2020 ab
497 1989 603 2027 hodie,
620 1989 717 2031 pleno
736 1989 815 2028 iure,
830 1990 873 2021 nil
892 1990 1020 2032 penitus
1038 2001 1090 2023 ex-

351 2047 454 2083 cepto,
474 2041 625 2074 Camerae
657 2047 786 2074 nostrae
819 2043 1003 2085 praedictae
1035 2055 1090 2086 ap-

350 2094 576 2136 propriamus,
610 2095 809 2137 applicamus
838 2101 870 2127 et
900 2094 1087 2138 incorpora-

351 2157 431 2185 mus,
453 2158 487 2178 ac
515 2157 573 2189 pro
605 2147 836 2189 appropriatis,
862 2148 1030 2191 applicatis
1056 2155 1088 2182 et

350 2199 569 2241 incorporatis
598 2199 710 2232 haberi
737 2201 892 2233 volumus.

394 2251 458 2294 S'ss-
488 2252 523 2283 Et
548 2252 683 2295 insuper
715 2263 774 2295 per
805 2259 996 2295 praesentes
1021 2260 1086 2287 sta-

304 2305 469 2337 m—tuimus
495 2310 526 2337 et
551 2306 740 2337 n‘iandamus
759 2317 870 2338 omncs
891 2307 963 2339 illas
988 2318 1085 2350 pecu-

299 2346 417 2390 ‘i‘einias
442 2363 592 2400 prompte
612 2368 647 2389 ac
665 2358 772 2390 statim
794 2359 919 2391 restitui
937 2370 992 2392 seu
1011 2370 1084 2402 per-

177 2450 185 2461 <
250 2397 338 2464 κιὶηέῑυᾶιὲῐ
348 2410 427 2443 solvi
447 2421 504 2452 per
522 2410 639 2442 dictam
654 2416 797 2442 nostram
813 2411 987 2452 Canieram,
1004 2424 1081 2455 quas

215 2453 219 2461 i
246 2452 257 2463 Δ
331 2454 337 2459 ·

349 2463 433 2495 dicto
459 2463 661 2495 thesaurario
687 2469 797 2496 nostro
830 2464 974 2506 legitime
1006 2476 1105 2498 0011--

348 2516 468 2548 stiterit
492 2526 566 2548 vere
592 2522 623 2548 et
648 2516 779 2548 realiter
808 2522 840 2549 et
872 2528 943 2549 cum
969 2518 1081 2551 eil'ectu

345 2580 406 2614 per
426 2570 568 2613 ipsorum
594 2569 769 2602 officiorum
791 2580 875 2602 nunc
892 2581 1081 2613 suppresso·
1102 2587 1104 2611 i

938 198 1118 224 BULLARIUM
1143 198 1294 224 Romami

1138 258 1208 280 rum
1230 248 1376 281 titulares
1401 258 1456 281 seu
1482 260 1701 292 possessores,
1727 250 1793 284 sive
1819 260 1872 283 eo-

1138 312 1208 333 rum
1234 308 1394 342 auctores,
1421 308 1476 334 aut
1492 302 1575 341 illos,
1598 303 1713 346 quibus
1737 304 1870 336 facultas

1139 355 1329 398 disponendi
1348 356 1386 387 de
1403 356 1579 398 praedictis
1598 355 1713 389 officiis
1737 367 1794 389 seu
1818 367 1872 390 eo·

1138 417 1206 439 runi
1232 408 1342 450 aliquo
1363 409 1395 440 in
1422 413 1490 440 toto
1510 409 1561 441 vel
1587 414 1677 451 parte
1695 409 1873 452 apostoliea

1139 460 1329 492 auctoritate
1354 461 1519 503 praedicta
1537 471 1689 494 concessa
1706 461 1809 502 suerit,
1832 461 1875 494 ei·

1140 513 1212 545 dem
1239 512 1391 546 Gamerae
1409 514 1472 547 sive
1490 514 1639 547 Datariae
1658 514 1874 557 Apostolicae,

1140 565 1332 608 illarumque
1354 566 1511 599 ministris
1537 572 1568 600 et
1593 566 1795 607 officialibus,
1811 573 1875 600 tam

1139 617 1171 649 in
1196 628 1323 650 causam
1349 624 1380 651 et
1404 619 1462 651 sub
1488 619 1619 652 nomine
1644 620 1751 663 pretii,
1778 630 1875 663 quam

1139 681 1198 712 pro
1224 671 1428 713 expeditione
1455 672 1551 705 fuisse
1587 673 1730 713 solutas,
1757 673 1877 706 adeout

1141 734 1179 755 ne
1197 724 1326 766 quidem
1342 725 1373 757 in
1389 725 1504 765 nibilo,
1522 732 1670 768 respectu
1689 727 1876 759 earumdem

1141 777 1352 818 pecuniarum
1378 778 1528 811 Gamerae
1562 790 1617 812 seu
1644 779 1790 812 Datariae
1817 779 1878 812 hu-

1141 828 1280 862 iusmodi
1306 831 1482 863 solutarum
1508 831 1547 863 de
1574 831 1717 874 proprio,
1733 830 1878 864 damnifi-

1141 881 1200 913 cati
1226 888 1426 923 remaneant,
1445 889 1484 923 et,
1503 884 1606 916 donec
1624 883 1819 927 receperint,
1837 883 1877 916 ad

1141 944 1254 966 eorum
1281 936 1439 968 creditum
1466 941 1498 968 et
1522 936 1656 969 liberam
1689 936 1878 979 dispositio-

1141 996 1214 1018 nem
1239 998 1339 1030 penes
1365 993 1512 1020 nostrum
1531 989 1670 1021 Mentem
1688 989 1819 1022 Pietatis
1837 989 1876 1021 de

1141 1038 1224 1072 Urbe
1251 1039 1390 1073 describi
1417 1042 1536 1074 debere
1562 1042 1782 1074 decernimus.
1816 1042 1877 1075 Vo-

1140 1092 1243 1124 lumus
1269 1103 1397 1136 quoque
1423 1099 1455 1126 et
1484 1095 1675 1127 mandamus
1705 1100 1741 1127 ut
1772 1095 1877 1128 dictus

1139 1145 1315 1178 modernus
1348 1151 1461 1179 noster
1486 1152 1517 1179 et
1540 1157 1600 1190 pro
1633 1152 1792 1190 tempore·
1811 1147 1878 1180 exi-

1139 1202 1227 1230 stens
1253 1198 1475 1231 thesaurarius
1494 1199 1656 1241 generalis
1675 1199 1713 1232 de
1729 1204 1805 1232 voto
1820 1210 1878 1234 no-

1139 1256 1222 1283 strae
1237 1251 1347 1291 Rotae,
1367 1257 1402 1284 ut
1419 1262 1526 1295 supra,
1545 1253 1695 1284 omnibus
1719 1252 1807 1286 illius
1825 1263 1878 1285 au-

1139 1303 1299 1337 ditoribus
1340 1303 1526 1347 suffragium
1566 1305 1807 1348 praestantibus
1839 1316 1878 1339 ac

1139 1356 1319 1389 ferentibus
1338 1368 1438 1401 super
1462 1358 1618 1400 praelatis
1643 1358 1797 1399 articulis,
1817 1359 1879 1391 sci·-

1139 1409 1213 1444 licet
1229 1421 1268 1442 an
1288 1416 1318 1443 et
1336 1411 1412 1453 quid
1431 1411 1529 1443 etiam
1548 1411 1632 1443 ultra
1653 1411 1754 1444 dictas
1778 1421 1878 1454 pecu-

1138 1462 1207 1495 nias
1233 1469 1384 1506 respectu
1409 1464 1553 1496 omnium
1578 1474 1802 1506 possessorum
1823 1475 1878 1498 eo·

1139 1516 1286 1548 rumdem
1312 1515 1492 1548 officiorum
1518 1522 1549 1549 et
1568 1517 1727 1549 interesse
1753 1517 1877 1550 hahen-

1139 1568 1215 1600 tium
1241 1569 1476 1601 restituendum
1503 1574 1535 1601 et
1558 1570 1809 1612 persolvendum
1825 1570 1874 1611 sit,

1137 1620 1274 1663 aliisque
1292 1621 1522 1661 incidentibus,
1546 1622 1798 1664 emergentibus,
1820 1633 1876 1656 an-

1137 1674 1234 1713 nexis,
1246 1674 1399 1706 connexis
1415 1679 1446 1706 et
1460 1674 1731 1717 dependentibus,
1742 1680 1875 1719 totoque

1136 1727 1279 1769 negotio,
1303 1727 1400 1759 citato
1426 1732 1458 1759 et
1482 1727 1590 1760 audito
1617 1727 1721 1761 dictae
1744 1734 1874 1762 nostrae

1135 1779 1284 1812 Camerae
1310 1780 1528 1812 commissario
1555 1780 1722 1822 generali,
1743 1781 1874 1823 audiat,

1135 1837 1310 1875 eognoscat
1330 1838 1362 1865 et
1385 1832 1542 1865 iustitiam
1568 1833 1661 1866 saciat
1685 1838 1716 1866 et
1740 1834 1875 1867 admini-

1134 1889 1225 1924 stret,
1250 1885 1337 1917 omni
1363 1885 1592 1928 appellatione,
1611 1878 1815 1919 restitutione
1838 1886 1873 1919 in

1111 1960 1113 1968 ,
1134 1937 1308 1979 integrum,
1335 1948 1466 1970 recursu
1501 1943 1533 1970 et
1557 1939 1788 1972 reclamatione
1814 1950 1872 1982 pe-

1134 1990 1219 2021 nitus
1250 1990 1382 2022 remotis
1417 1995 1515 2033 atque
1548 1990 1693 2023 sublatis.
1727 1991 1765 2023 Et
1796 1991 1873 2034 quia

1134 2042 1229 2074 etiam
1246 2042 1386 2074 dubitari
1409 2042 1586 2084 continget,
1604 2054 1654 2083 an,
1675 2053 1734 2086 per
1758 2043 1872 2076 huius-

1133 2095 1218 2127 modi
1237 2095 1501 2137 suppressionem
1523 2106 1558 2128 ac
1576 2095 1787 2129 abolitionem
1805 2097 1872 2130 col-

1133 2148 1207 2190 legii
1233 2148 1378 2190 praelati,
1397 2158 1476 2180 onus
1494 2149 1677 2191 praedictae
1703 2149 1869 2183 extinctio-

1131 2201 1179 2233 nis
1194 2200 1270 2233 dicti
1285 2200 1357 2232 nori
1372 2200 1495 2241 Montis,
1511 2212 1570 2244 per
1585 2201 1669 2234 idem
1683 2202 1868 2244 collegium,

1131 2259 1164 2285 nt
1190 2253 1423 2296 supra,ultiuio
1456 2255 1527 2287 loco
1553 2254 1659 2294 erecti,
1675 2259 1707 2287 et
1732 2255 1868 2288 solutio-

1129 2307 1177 2338 nis
1201 2306 1286 2338 illius
1313 2307 1474 2339 fructuum
1506 2317 1606 2350 usque
1636 2308 1674 2340 ad
1706 2309 1866 2341 actualem

1128 2365 1159 2392 et
1185 2359 1363 2392 effectivam
1389 2360 1532 2393 eiusdem
1558 2360 1671 2392 Montis
1697 2360 1867 2394 extinctio-

1126 2424 1210 2451 nem,
1231 2418 1396 2444 remaneat
1421 2418 1452 2445 et
1468 2413 1510 2445 sit
1533 2423 1633 2455 penes
1651 2412 1738 2455 ipsos
1759 2423 1866 2446 secre-

1127 2465 1225 2497 tarios
1251 2465 1397 2497 eiusdem
1424 2465 1576 2507 collegii,
1609 2465 1694 2505 ideo,
1721 2475 1781 2508 pro
1805 2476 1865 2508 po-

1127 2518 1199 2550 tiori
1219 2519 1343 2550 cautela
1362 2523 1423 2550 tani
1441 2519 1544 2550 dietae
1560 2523 1688 2550 nostrae
1711 2518 1863 2552 Gamerae

1127 2581 1219 2614 quani
1254 2571 1355 2614 ipsius
1389 2571 1518 2614 collegii
1559 2570 1695 2614 eiusque
1724 2575 1892 2620 secreta-NJ

1879 200 1930 228 Λη.
1949 197 1979 229 c,
1996 198 2059 230 1678
2097 235 2100 238 ⁴
