<?xml version="1.0" encoding="UTF-8"?>
<!DOCTYPE html PUBLIC "-//W3C//DTD XHTML 1.0 Transitional//EN"
    "http://www.w3.org/TR/xhtml1/DTD/xhtml1-transitional.dtd">
<html xmlns="http://www.w3.org/1999/xhtml" xml:lang="en" lang="en">
 <head>
  <title>
</title>
<meta http-equiv="Content-Type" content="text/html;charset=utf-8" />
  <meta name='ocr-system' content='tesseract 3.04.00' />
  <meta name='ocr-capabilities' content='ocr_page ocr_carea ocr_par ocr_line ocrx_word'/>
</head>
<body>
  <div class='ocr_page' id='page_1' title='image "./bullarumdiplomat19cath_0112.png"; bbox 0 0 2111 3157; ppageno 0'>
   <div class='ocr_carea' id='block_1_1' title="bbox 219 147 1149 1410">
    <p class='ocr_par' dir='ltr' id='par_1_1' title="bbox 220 147 1147 407">
     <span class='ocr_line' id='line_1_1' title="bbox 220 147 486 184; baseline -0.008 -1"><span class='ocrx_word' id='word_1_1' title='bbox 220 157 314 184; x_wconf 53' lang='grc' dir='ltr'>ηρ.</span> <span class='ocrx_word' id='word_1_2' title='bbox 335 156 399 183; x_wconf 69' lang='lat'>1078</span> <span class='ocrx_word' id='word_1_3' title='bbox 445 147 486 181; x_wconf 80' lang='grc'>78</span> 
     </span>
     <span class='ocr_line' id='line_1_2' title="bbox 415 205 1145 247; baseline -0.001 -10"><span class='ocrx_word' id='word_1_4' title='bbox 415 206 489 238; x_wconf 83' lang='lat' dir='ltr'>tiam</span> <span class='ocrx_word' id='word_1_5' title='bbox 516 210 547 238; x_wconf 89' lang='lat' dir='ltr'>et</span> <span class='ocrx_word' id='word_1_6' title='bbox 573 205 806 242; x_wconf 82' lang='lat' dir='ltr'>remissionem,</span> <span class='ocrx_word' id='word_1_7' title='bbox 825 216 917 247; x_wconf 85' lang='lat' dir='ltr'>quam</span> <span class='ocrx_word' id='word_1_8' title='bbox 936 216 994 247; x_wconf 86' lang='lat' dir='ltr'>per</span> <span class='ocrx_word' id='word_1_9' title='bbox 1016 206 1145 239; x_wconf 84' lang='lat' dir='ltr'>modum</span> 
     </span>
     <span class='ocr_line' id='line_1_3' title="bbox 413 258 1147 301; baseline -0.001 -10"><span class='ocrx_word' id='word_1_10' title='bbox 413 258 556 300; x_wconf 72' lang='lat' dir='ltr'>suffragii</span> <span class='ocrx_word' id='word_1_11' title='bbox 582 259 748 291; x_wconf 73' lang='lat' dir='ltr'>animabus</span> <span class='ocrx_word' id='word_1_12' title='bbox 769 258 1040 295; x_wconf 67' lang='lat' dir='ltr'>christifidelium,</span> <span class='ocrx_word' id='word_1_13' title='bbox 1067 270 1147 301; x_wconf 80' lang='lat' dir='ltr'>quae</span> 
     </span>
     <span class='ocr_line' id='line_1_4' title="bbox 413 311 1146 344; baseline 0 0"><span class='ocrx_word' id='word_1_14' title='bbox 413 312 478 344; x_wconf 90' lang='lat' dir='ltr'>Deo</span> <span class='ocrx_word' id='word_1_15' title='bbox 504 311 535 343; x_wconf 90' lang='lat' dir='ltr'>in</span> <span class='ocrx_word' id='word_1_16' title='bbox 554 312 710 344; x_wconf 72' lang='lat' dir='ltr'>charitate</span> <span class='ocrx_word' id='word_1_17' title='bbox 732 311 923 343; x_wconf 79' lang='lat' dir='ltr'>coniunctae</span> <span class='ocrx_word' id='word_1_18' title='bbox 942 312 981 343; x_wconf 86' lang='lat' dir='ltr'>ab</span> <span class='ocrx_word' id='word_1_19' title='bbox 999 312 1059 344; x_wconf 83' lang='lat' dir='ltr'>hac</span> <span class='ocrx_word' id='word_1_20' title='bbox 1078 313 1146 344; x_wconf 88' lang='lat' dir='ltr'>luce</span> 
     </span>
     <span class='ocr_line' id='line_1_5' title="bbox 413 363 1014 407; baseline -0.003 -10"><span class='ocrx_word' id='word_1_21' title='bbox 413 364 655 406; x_wconf 81' lang='lat' dir='ltr'>migraverunt,</span> <span class='ocrx_word' id='word_1_22' title='bbox 678 363 841 407; x_wconf 76' lang='lat' dir='ltr'>applicare</span> <span class='ocrx_word' id='word_1_23' title='bbox 867 365 1014 406; x_wconf 88' lang='lat' dir='ltr'>possint·,</span> 
     </span>
    </p>

    <p class='ocr_par' dir='ltr' id='par_1_2' title="bbox 234 416 1148 460">
     <span class='ocr_line' id='line_1_6' title="bbox 234 416 1148 460; baseline 0.001 -12"><span class='ocrx_word' id='word_1_24' title='bbox 234 428 402 448; x_wconf 54' lang='lat' dir='ltr'>mmmmm-</span> <span class='ocrx_word' id='word_1_25' title='bbox 457 418 471 460; x_wconf 61' lang='grc' dir='ltr'>ξ</span> <span class='ocrx_word' id='word_1_26' title='bbox 503 417 534 449; x_wconf 79' lang='lat'>3.</span> <span class='ocrx_word' id='word_1_27' title='bbox 563 416 718 459; x_wconf 84' lang='lat' dir='ltr'>insuper,</span> <span class='ocrx_word' id='word_1_28' title='bbox 745 417 830 458; x_wconf 88' lang='lat' dir='ltr'>quod</span> <span class='ocrx_word' id='word_1_29' title='bbox 862 416 936 448; x_wconf 87' lang='lat' dir='ltr'>dicti</span> <span class='ocrx_word' id='word_1_30' title='bbox 973 417 1085 449; x_wconf 76' lang='lat' dir='ltr'>fratres</span> <span class='ocrx_word' id='word_1_31' title='bbox 1116 422 1148 449; x_wconf 87' lang='lat' dir='ltr'>et</span> 
     </span>
    </p>

    <p class='ocr_par' dir='ltr' id='par_1_3' title="bbox 220 455 1146 512">
     <span class='ocr_line' id='line_1_7' title="bbox 220 455 1146 512; baseline 0.001 -12"><span class='ocrx_word' id='word_1_32' title='bbox 220 455 340 501; x_wconf 53' lang='lat'>{23:153522223‘?</span> <span class='ocrx_word' id='word_1_33' title='bbox 369 461 402 500; x_wconf 59' lang='grc' dir='ltr'>ἷῖῗῖ</span> <span class='ocrx_word' id='word_1_34' title='bbox 413 469 568 502; x_wconf 83' lang='lat' dir='ltr'>moniales</span> <span class='ocrx_word' id='word_1_35' title='bbox 593 479 652 511; x_wconf 86' lang='lat' dir='ltr'>pro</span> <span class='ocrx_word' id='word_1_36' title='bbox 678 469 824 501; x_wconf 82' lang='lat' dir='ltr'>oratione</span> <span class='ocrx_word' id='word_1_37' title='bbox 842 469 981 507; x_wconf 82' lang='lat' dir='ltr'>mentali,</span> <span class='ocrx_word' id='word_1_38' title='bbox 997 470 1035 501; x_wconf 80' lang='lat' dir='ltr'>ad</span> <span class='ocrx_word' id='word_1_39' title='bbox 1054 480 1146 512; x_wconf 75' lang='lat' dir='ltr'>quam</span> 
     </span>
    </p>

    <p class='ocr_par' dir='ltr' id='par_1_4' title="bbox 220 508 1146 564">
     <span class='ocr_line' id='line_1_8' title="bbox 220 508 1146 564; baseline 0.002 -12"><span class='ocrx_word' id='word_1_40' title='bbox 220 508 402 556; x_wconf 57' lang='lat' dir='ltr'>‚‘.&#39;;‘2&#39;.‘.&#39;.&#39;-&#39;?1:›‘35÷1l¹5‡&#39;‘.</span> <span class='ocrx_word' id='word_1_41' title='bbox 413 522 537 555; x_wconf 79' lang='lat' dir='ltr'>ratione</span> <span class='ocrx_word' id='word_1_42' title='bbox 562 532 672 555; x_wconf 91' lang='lat' dir='ltr'>eorum</span> <span class='ocrx_word' id='word_1_43' title='bbox 689 523 820 564; x_wconf 76' lang='lat' dir='ltr'>regulae</span> <span class='ocrx_word' id='word_1_44' title='bbox 836 527 866 554; x_wconf 85' lang='lat' dir='ltr'>et</span> <span class='ocrx_word' id='word_1_45' title='bbox 880 522 1146 555; x_wconf 72' lang='lat' dir='ltr'>constitutionum</span> 
     </span>
    </p>

    <p class='ocr_par' dir='ltr' id='par_1_5' title="bbox 220 561 1147 617">
     <span class='ocr_line' id='line_1_9' title="bbox 220 561 1147 617; baseline 0.004 -13"><span class='ocrx_word' id='word_1_46' title='bbox 220 566 245 584; x_wconf 66' lang='lat'>&#39;¹¹&#39;</span> <span class='ocrx_word' id='word_1_47' title='bbox 306 561 560 617; x_wconf 60' lang='lat' dir='ltr'>..13‘55513&#39;12‹111011bei</span> <span class='ocrx_word' id='word_1_48' title='bbox 576 575 627 607; x_wconf 86' lang='lat' dir='ltr'>die</span> <span class='ocrx_word' id='word_1_49' title='bbox 648 579 809 615; x_wconf 79' lang='lat' dir='ltr'>tenentur,</span> <span class='ocrx_word' id='word_1_50' title='bbox 828 574 1012 617; x_wconf 84' lang='lat' dir='ltr'>praedictas</span> <span class='ocrx_word' id='word_1_51' title='bbox 1035 586 1147 608; x_wconf 85' lang='lat' dir='ltr'>omnes</span> 
     </span>
    </p>

    <p class='ocr_par' dir='ltr' id='par_1_6' title="bbox 220 613 1145 670">
     <span class='ocr_line' id='line_1_10' title="bbox 220 613 1145 670; baseline 0.006 -15"><span class='ocrx_word' id='word_1_52' title='bbox 220 613 631 670; x_wconf 46' lang='lat' dir='ltr'>{55:51⁰{J&#39;fsfli&#39;fn&#39;e&#39;i&#39;nindulgentias</span> <span class='ocrx_word' id='word_1_53' title='bbox 656 632 688 660; x_wconf 88' lang='lat' dir='ltr'>et</span> <span class='ocrx_word' id='word_1_54' title='bbox 712 632 919 670; x_wconf 82' lang='lat' dir='ltr'>peccatorum</span> <span class='ocrx_word' id='word_1_55' title='bbox 939 628 1145 661; x_wconf 74' lang='lat' dir='ltr'>remissiones</span> 
     </span>
    </p>

    <p class='ocr_par' dir='ltr' id='par_1_7' title="bbox 219 666 1147 724">
     <span class='ocr_line' id='line_1_11' title="bbox 219 666 1147 724; baseline 0.001 -12"><span class='ocrx_word' id='word_1_56' title='bbox 219 666 338 684; x_wconf 46' lang='lat' dir='ltr'><strong>¹¹¹⁹¹¹h⁴¹ffl¹¹⁴</strong></span> <span class='ocrx_word' id='word_1_57' title='bbox 412 691 448 712; x_wconf 87' lang='lat' dir='ltr'>ac</span> <span class='ocrx_word' id='word_1_58' title='bbox 474 681 748 724; x_wconf 83' lang='lat' dir='ltr'>poenitentiarum</span> <span class='ocrx_word' id='word_1_59' title='bbox 774 681 989 714; x_wconf 66' lang='lat' dir='ltr'>relaxationes</span> <span class='ocrx_word' id='word_1_60' title='bbox 1014 692 1147 724; x_wconf 84' lang='lat' dir='ltr'>propor-</span> 
     </span>
    </p>

    <p class='ocr_par' dir='ltr' id='par_1_8' title="bbox 411 733 1149 988">
     <span class='ocr_line' id='line_1_12' title="bbox 413 733 1149 776; baseline 0.003 -12"><span class='ocrx_word' id='word_1_61' title='bbox 413 733 614 766; x_wconf 87' lang='lat' dir='ltr'>tionabiliter</span> <span class='ocrx_word' id='word_1_62' title='bbox 639 734 754 766; x_wconf 82' lang='lat' dir='ltr'>lucrari</span> <span class='ocrx_word' id='word_1_63' title='bbox 781 739 813 765; x_wconf 85' lang='lat' dir='ltr'>et</span> <span class='ocrx_word' id='word_1_64' title='bbox 843 733 996 776; x_wconf 76' lang='lat' dir='ltr'>consequi</span> <span class='ocrx_word' id='word_1_65' title='bbox 1021 734 1149 776; x_wconf 78' lang='lat' dir='ltr'>possint</span> 
     </span>
     <span class='ocr_line' id='line_1_13' title="bbox 412 786 1147 830; baseline 0.001 -12"><span class='ocrx_word' id='word_1_66' title='bbox 412 791 443 818; x_wconf 86' lang='lat' dir='ltr'>et</span> <span class='ocrx_word' id='word_1_67' title='bbox 467 787 612 826; x_wconf 81' lang='lat' dir='ltr'>valcant,</span> <span class='ocrx_word' id='word_1_68' title='bbox 640 786 828 819; x_wconf 83' lang='lat' dir='ltr'>auctoritate</span> <span class='ocrx_word' id='word_1_69' title='bbox 855 792 888 819; x_wconf 85' lang='lat' dir='ltr'>et</span> <span class='ocrx_word' id='word_1_70' title='bbox 912 792 1024 819; x_wconf 83' lang='lat' dir='ltr'>tenore</span> <span class='ocrx_word' id='word_1_71' title='bbox 1056 798 1147 830; x_wconf 81' lang='lat' dir='ltr'>prae-</span> 
     </span>
     <span class='ocr_line' id='line_1_14' title="bbox 412 839 1147 881; baseline -0.001 -9"><span class='ocrx_word' id='word_1_72' title='bbox 412 839 507 872; x_wconf 84' lang='lat' dir='ltr'>dictis</span> <span class='ocrx_word' id='word_1_73' title='bbox 525 839 744 881; x_wconf 78' lang='lat' dir='ltr'>indulgemus:</span> <span class='ocrx_word' id='word_1_74' title='bbox 763 840 794 871; x_wconf 90' lang='lat' dir='ltr'>in</span> <span class='ocrx_word' id='word_1_75' title='bbox 813 840 1010 872; x_wconf 78' lang='lat' dir='ltr'>contrarium</span> <span class='ocrx_word' id='word_1_76' title='bbox 1028 840 1147 873; x_wconf 77' lang='lat' dir='ltr'>sacien-</span> 
     </span>
     <span class='ocr_line' id='line_1_15' title="bbox 411 893 1146 935; baseline 0.001 -11"><span class='ocrx_word' id='word_1_77' title='bbox 411 897 459 924; x_wconf 87' lang='lat' dir='ltr'>tes</span> <span class='ocrx_word' id='word_1_78' title='bbox 474 903 539 925; x_wconf 89' lang='lat' dir='ltr'>non</span> <span class='ocrx_word' id='word_1_79' title='bbox 555 893 757 925; x_wconf 81' lang='lat' dir='ltr'>obstantibus</span> <span class='ocrx_word' id='word_1_80' title='bbox 774 893 1040 935; x_wconf 84' lang='lat' dir='ltr'>quibuscumque.</span> <span class='ocrx_word' id='word_1_81' title='bbox 1057 893 1146 925; x_wconf 85' lang='lat' dir='ltr'>Prae-</span> 
     </span>
     <span class='ocr_line' id='line_1_16' title="bbox 411 945 1141 988; baseline 0 -11"><span class='ocrx_word' id='word_1_82' title='bbox 411 945 555 977; x_wconf 80' lang='lat' dir='ltr'>sentibus</span> <span class='ocrx_word' id='word_1_83' title='bbox 567 946 604 977; x_wconf 84' lang='lat' dir='ltr'>ad</span> <span class='ocrx_word' id='word_1_84' title='bbox 624 946 830 988; x_wconf 78' lang='lat' dir='ltr'>septennium</span> <span class='ocrx_word' id='word_1_85' title='bbox 846 951 966 978; x_wconf 79' lang='lat' dir='ltr'>tantum</span> <span class='ocrx_word' id='word_1_86' title='bbox 984 945 1141 978; x_wconf 81' lang='lat' dir='ltr'>valituris.</span> 
     </span>
    </p>

    <p class='ocr_par' dir='ltr' id='par_1_9' title="bbox 407 998 1144 1303">
     <span class='ocr_line' id='line_1_17' title="bbox 454 998 1144 1041; baseline 0.001 -12"><span class='ocrx_word' id='word_1_87' title='bbox 454 998 468 1041; x_wconf 66' lang='grc' dir='ltr'>ξ</span> <span class='ocrx_word' id='word_1_88' title='bbox 494 998 524 1030; x_wconf 82' lang='grc'>6.</span> <span class='ocrx_word' id='word_1_89' title='bbox 552 999 704 1031; x_wconf 72' lang='lat' dir='ltr'>Volumus</span> <span class='ocrx_word' id='word_1_90' title='bbox 725 1004 830 1031; x_wconf 86' lang='lat' dir='ltr'>antem</span> <span class='ocrx_word' id='word_1_91' title='bbox 856 999 941 1040; x_wconf 88' lang='lat' dir='ltr'>quod</span> <span class='ocrx_word' id='word_1_92' title='bbox 960 999 985 1030; x_wconf 89' lang='lat' dir='ltr'>si</span> <span class='ocrx_word' id='word_1_93' title='bbox 1005 1009 1064 1041; x_wconf 88' lang='lat' dir='ltr'>pro</span> <span class='ocrx_word' id='word_1_94' title='bbox 1086 998 1144 1030; x_wconf 92' lang='lat' dir='ltr'>im-</span> 
     </span>
     <span class='ocr_line' id='line_1_18' title="bbox 410 1051 1144 1094; baseline 0.001 -11"><span class='ocrx_word' id='word_1_95' title='bbox 410 1051 607 1094; x_wconf 84' lang='lat' dir='ltr'>petratione,</span> <span class='ocrx_word' id='word_1_96' title='bbox 641 1056 718 1089; x_wconf 87' lang='lat' dir='ltr'>ete.‚</span> <span class='ocrx_word' id='word_1_97' title='bbox 746 1053 853 1084; x_wconf 83' lang='lat' dir='ltr'>nullae</span> <span class='ocrx_word' id='word_1_98' title='bbox 878 1052 962 1091; x_wconf 88' lang='lat' dir='ltr'>sint·‚</span> <span class='ocrx_word' id='word_1_99' title='bbox 993 1052 1144 1094; x_wconf 86' lang='lat' dir='ltr'>quodque</span> 
     </span>
     <span class='ocr_line' id='line_1_19' title="bbox 409 1104 1141 1147; baseline 0 -11"><span class='ocrx_word' id='word_1_100' title='bbox 409 1104 630 1147; x_wconf 83' lang='lat' dir='ltr'>praesentium</span> <span class='ocrx_word' id='word_1_101' title='bbox 657 1104 876 1147; x_wconf 75' lang='lat' dir='ltr'>transumptis,</span> <span class='ocrx_word' id='word_1_102' title='bbox 897 1115 951 1137; x_wconf 86' lang='lat' dir='ltr'>seu</span> <span class='ocrx_word' id='word_1_103' title='bbox 978 1104 1141 1147; x_wconf 80' lang='lat' dir='ltr'>exemplis,</span> 
     </span>
     <span class='ocr_line' id='line_1_20' title="bbox 410 1156 1143 1200; baseline 0 -11"><span class='ocrx_word' id='word_1_104' title='bbox 410 1157 505 1189; x_wconf 87' lang='lat' dir='ltr'>etiam</span> <span class='ocrx_word' id='word_1_105' title='bbox 526 1157 716 1200; x_wconf 75' lang='lat' dir='ltr'>impressis,</span> <span class='ocrx_word' id='word_1_106' title='bbox 749 1168 843 1189; x_wconf 84' lang='lat' dir='ltr'>manu</span> <span class='ocrx_word' id='word_1_107' title='bbox 869 1156 1003 1190; x_wconf 84' lang='lat' dir='ltr'>alicuius</span> <span class='ocrx_word' id='word_1_108' title='bbox 1027 1157 1143 1190; x_wconf 86' lang='lat' dir='ltr'>notarii</span> 
     </span>
     <span class='ocr_line' id='line_1_21' title="bbox 408 1210 1141 1254; baseline 0.003 -13"><span class='ocrx_word' id='word_1_109' title='bbox 408 1210 531 1253; x_wconf 81' lang='lat' dir='ltr'>publici</span> <span class='ocrx_word' id='word_1_110' title='bbox 561 1210 761 1253; x_wconf 79' lang='lat' dir='ltr'>subscriptis,</span> <span class='ocrx_word' id='word_1_111' title='bbox 794 1216 824 1243; x_wconf 85' lang='lat' dir='ltr'>ct</span> <span class='ocrx_word' id='word_1_112' title='bbox 851 1210 958 1253; x_wconf 75' lang='lat' dir='ltr'>sigillo</span> <span class='ocrx_word' id='word_1_113' title='bbox 983 1221 1141 1254; x_wconf 78' lang='lat' dir='ltr'>personae</span> 
     </span>
     <span class='ocr_line' id='line_1_22' title="bbox 407 1263 987 1303; baseline 0 -8"><span class='ocrx_word' id='word_1_114' title='bbox 407 1263 440 1295; x_wconf 85' lang='lat' dir='ltr'>in</span> <span class='ocrx_word' id='word_1_115' title='bbox 466 1263 694 1302; x_wconf 73' lang='lat' dir='ltr'>ecclesiastica,</span> <span class='ocrx_word' id='word_1_116' title='bbox 722 1268 796 1303; x_wconf 73' lang='lat' dir='ltr'>ete,</span> <span class='ocrx_word' id='word_1_117' title='bbox 825 1269 987 1296; x_wconf 82' lang='lat' dir='ltr'>ostensae.</span> 
     </span>
    </p>

    <p class='ocr_par' dir='ltr' id='par_1_10' title="bbox 451 1316 1141 1359">
     <span class='ocr_line' id='line_1_23' title="bbox 451 1316 1141 1359; baseline 0.001 -11"><span class='ocrx_word' id='word_1_118' title='bbox 451 1316 563 1348; x_wconf 86' lang='lat' dir='ltr'>Datum</span> <span class='ocrx_word' id='word_1_119' title='bbox 588 1316 719 1355; x_wconf 82' lang='lat' dir='ltr'>Romae,</span> <span class='ocrx_word' id='word_1_120' title='bbox 753 1317 837 1359; x_wconf 79' lang='lat' dir='ltr'>apud</span> <span class='ocrx_word' id='word_1_121' title='bbox 867 1316 897 1349; x_wconf 88' lang='lat' dir='ltr'>S.</span> <span class='ocrx_word' id='word_1_122' title='bbox 924 1317 1063 1356; x_wconf 79' lang='lat' dir='ltr'>Petrum,</span> <span class='ocrx_word' id='word_1_123' title='bbox 1090 1316 1141 1350; x_wconf 88' lang='lat' dir='ltr'>die</span> 
     </span>
    </p>

    <p class='ocr_par' dir='ltr' id='par_1_11' title="bbox 405 1368 1022 1410">
     <span class='ocr_line' id='line_1_24' title="bbox 405 1368 1022 1410; baseline 0.002 -8"><span class='ocrx_word' id='word_1_124' title='bbox 405 1372 463 1402; x_wconf 69' lang='lat' dir='ltr'>xxx</span> <span class='ocrx_word' id='word_1_125' title='bbox 488 1368 625 1402; x_wconf 82' lang='lat' dir='ltr'>ianuarii</span> <span class='ocrx_word' id='word_1_126' title='bbox 652 1380 847 1410; x_wconf 78' lang='lat' dir='ltr'>MDCLxxvni,</span> <span class='ocrx_word' id='word_1_127' title='bbox 874 1380 960 1403; x_wconf 89' lang='lat' dir='ltr'>anno</span> <span class='ocrx_word' id='word_1_128' title='bbox 987 1380 1022 1403; x_wconf 89' lang='lat'>11.</span> 
     </span>
    </p>
   </div>
   <div class='ocr_carea' id='block_1_2' title="bbox 440 1429 1066 1467">
    <p class='ocr_par' dir='ltr' id='par_1_12' title="bbox 440 1429 1066 1467">
     <span class='ocr_line' id='line_1_25' title="bbox 440 1429 1066 1467; baseline 0.005 -11"><span class='ocrx_word' id='word_1_129' title='bbox 440 1429 499 1457; x_wconf 83' lang='lat' dir='ltr'>Dat.</span> <span class='ocrx_word' id='word_1_130' title='bbox 517 1430 560 1458; x_wconf 88' lang='lat' dir='ltr'>die</span> <span class='ocrx_word' id='word_1_131' title='bbox 576 1432 609 1459; x_wconf 86' lang='lat'>30</span> <span class='ocrx_word' id='word_1_132' title='bbox 624 1431 738 1458; x_wconf 81' lang='lat' dir='ltr'>ianuarii</span> <span class='ocrx_word' id='word_1_133' title='bbox 764 1433 839 1464; x_wconf 78' lang='lat'>1678,</span> <span class='ocrx_word' id='word_1_134' title='bbox 860 1432 955 1467; x_wconf 81' lang='lat' dir='ltr'>pontif.</span> <span class='ocrx_word' id='word_1_135' title='bbox 976 1440 1018 1459; x_wconf 78' lang='lat' dir='ltr'>an.</span> <span class='ocrx_word' id='word_1_136' title='bbox 1040 1438 1066 1459; x_wconf 85' lang='lat'>11.</span> 
     </span>
    </p>
   </div>
   <div class='ocr_carea' id='block_1_3' title="bbox 201 566 303 605">
    <p class='ocr_par' dir='ltr' id='par_1_13' title="bbox 201 566 303 605">
     <span class='ocr_line' id='line_1_26' title="bbox 201 566 303 605; baseline 0 2552"><span class='ocrx_word' id='word_1_137' title='bbox 201 566 303 605; x_wconf 95' lang='lat' dir='ltr'> </span> 
     </span>
    </p>
   </div>
   <div class='ocr_carea' id='block_1_4' title="bbox 216 1006 399 1058">
    <p class='ocr_par' dir='ltr' id='par_1_14' title="bbox 216 1006 399 1058">
     <span class='ocr_line' id='line_1_27' title="bbox 248 1006 399 1027; baseline 0.007 -1"><span class='ocrx_word' id='word_1_138' title='bbox 248 1006 399 1027; x_wconf 68' lang='lat' dir='ltr'>‘conceduntur</span> 
     </span>
     <span class='ocr_line' id='line_1_28' title="bbox 216 1032 397 1058; baseline 0.011 -6"><span class='ocrx_word' id='word_1_139' title='bbox 216 1032 243 1053; x_wconf 75' lang='lat' dir='ltr'>ad</span> <span class='ocrx_word' id='word_1_140' title='bbox 258 1037 397 1058; x_wconf 75' lang='lat' dir='ltr'>septennium.</span> 
     </span>
    </p>
   </div>
   <div class='ocr_carea' id='block_1_5' title="bbox 706 1573 827 1607">
    <p class='ocr_par' dir='ltr' id='par_1_15' title="bbox 706 1573 827 1607">
     <span class='ocr_line' id='line_1_29' title="bbox 706 1573 827 1607; baseline 0 0"><span class='ocrx_word' id='word_1_141' title='bbox 706 1573 827 1607; x_wconf 73' lang='lat' dir='ltr'>XXXII.</span> 
     </span>
    </p>
   </div>
   <div class='ocr_carea' id='block_1_6' title="bbox 404 1648 1138 1791">
    <p class='ocr_par' dir='ltr' id='par_1_16' title="bbox 404 1648 1138 1791">
     <span class='ocr_line' id='line_1_30' title="bbox 404 1648 1138 1695; baseline -0.003 -7"><span class='ocrx_word' id='word_1_142' title='bbox 404 1648 623 1695; x_wconf 73' lang='lat' dir='ltr'>Confirmalur</span> <span class='ocrx_word' id='word_1_143' title='bbox 657 1658 685 1687; x_wconf 82' lang='lat' dir='ltr'>el</span> <span class='ocrx_word' id='word_1_144' title='bbox 720 1654 906 1687; x_wconf 73' lang='lat' dir='ltr'>moderatur</span> <span class='ocrx_word' id='word_1_145' title='bbox 944 1654 1138 1688; x_wconf 72' lang='lat' dir='ltr'>Caemsliiulio</span> 
     </span>
     <span class='ocr_line' id='line_1_31' title="bbox 449 1706 1138 1750; baseline 0.001 -12"><span class='ocrx_word' id='word_1_146' title='bbox 449 1706 572 1739; x_wconf 68' lang='lat' dir='ltr'>Urbani</span> <span class='ocrx_word' id='word_1_147' title='bbox 601 1707 684 1740; x_wconf 68' lang='lat' dir='ltr'><em>VIII</em></span> <span class='ocrx_word' id='word_1_148' title='bbox 701 1709 786 1740; x_wconf 76' lang='lat' dir='ltr'>circa</span> <span class='ocrx_word' id='word_1_149' title='bbox 805 1707 1049 1739; x_wconf 76' lang='lat' dir='ltr'>translalionem</span> <span class='ocrx_word' id='word_1_150' title='bbox 1065 1718 1138 1750; x_wconf 79' lang='lat' dir='ltr'>pen-</span> 
     </span>
     <span class='ocr_line' id='line_1_32' title="bbox 443 1769 583 1791; baseline 0 0"><span class='ocrx_word' id='word_1_151' title='bbox 443 1769 583 1791; x_wconf 67' lang='lat' dir='ltr'>monum.</span> 
     </span>
    </p>
   </div>
   <div class='ocr_carea' id='block_1_7' title="bbox 525 1832 1013 1916">
    <p class='ocr_par' dir='ltr' id='par_1_17' title="bbox 525 1832 1013 1916">
     <span class='ocr_line' id='line_1_33' title="bbox 583 1832 948 1872; baseline 0 -7"><span class='ocrx_word' id='word_1_152' title='bbox 583 1838 779 1865; x_wconf 79' lang='lat' dir='ltr'>Innocentius</span> <span class='ocrx_word' id='word_1_153' title='bbox 801 1839 879 1872; x_wconf 83' lang='lat' dir='ltr'>Papa</span> <span class='ocrx_word' id='word_1_154' title='bbox 898 1832 948 1871; x_wconf 84' lang='lat' dir='ltr'>XI,</span> 
     </span>
     <span class='ocr_line' id='line_1_34' title="bbox 525 1882 1013 1916; baseline 0.002 -8"><span class='ocrx_word' id='word_1_155' title='bbox 525 1885 560 1909; x_wconf 88' lang='lat' dir='ltr'>ad</span> <span class='ocrx_word' id='word_1_156' title='bbox 576 1886 752 1916; x_wconf 79' lang='lat' dir='ltr'>perpetuam</span> <span class='ocrx_word' id='word_1_157' title='bbox 766 1882 811 1909; x_wconf 82' lang='lat' dir='ltr'>rei</span> <span class='ocrx_word' id='word_1_158' title='bbox 831 1883 1013 1909; x_wconf 82' lang='lat' dir='ltr'>memoriam.</span> 
     </span>
    </p>
   </div>
   <div class='ocr_carea' id='block_1_8' title="bbox 233 1953 1136 2579">
    <p class='ocr_par' dir='ltr' id='par_1_18' title="bbox 233 1953 1136 2579">
     <span class='ocr_line' id='line_1_35' title="bbox 233 1953 1136 1996; baseline -0.001 -10"><span class='ocrx_word' id='word_1_159' title='bbox 233 1958 376 1980; x_wconf 71' lang='lat' dir='ltr'>Prooemium·</span> <span class='ocrx_word' id='word_1_160' title='bbox 446 1953 685 1996; x_wconf 77' lang='lat' dir='ltr'>Circumspeeta</span> <span class='ocrx_word' id='word_1_161' title='bbox 714 1953 805 1985; x_wconf 86' lang='lat' dir='ltr'>Sedis</span> <span class='ocrx_word' id='word_1_162' title='bbox 828 1953 1035 1996; x_wconf 81' lang='lat' dir='ltr'>Apostolicae</span> <span class='ocrx_word' id='word_1_163' title='bbox 1061 1964 1136 1996; x_wconf 89' lang='lat' dir='ltr'>prn-</span> 
     </span>
     <span class='ocr_line' id='line_1_36' title="bbox 403 2005 1136 2048; baseline -0.003 -9"><span class='ocrx_word' id='word_1_164' title='bbox 403 2007 521 2045; x_wconf 87' lang='lat' dir='ltr'>dentia,</span> <span class='ocrx_word' id='word_1_165' title='bbox 537 2006 797 2038; x_wconf 76' lang='lat' dir='ltr'>christifidelium</span> <span class='ocrx_word' id='word_1_166' title='bbox 820 2005 998 2038; x_wconf 87' lang='lat' dir='ltr'>commodis</span> <span class='ocrx_word' id='word_1_167' title='bbox 1020 2005 1136 2048; x_wconf 75' lang='lat' dir='ltr'>iugiter</span> 
     </span>
     <span class='ocr_line' id='line_1_37' title="bbox 401 2058 1135 2101; baseline 0 -11"><span class='ocrx_word' id='word_1_168' title='bbox 401 2059 583 2101; x_wconf 75' lang='lat' dir='ltr'>invigilans,</span> <span class='ocrx_word' id='word_1_169' title='bbox 611 2069 659 2098; x_wconf 86' lang='lat' dir='ltr'>ea,</span> <span class='ocrx_word' id='word_1_170' title='bbox 688 2069 767 2101; x_wconf 84' lang='lat' dir='ltr'>quae</span> <span class='ocrx_word' id='word_1_171' title='bbox 794 2058 871 2090; x_wconf 69' lang='lat' dir='ltr'>alias</span> <span class='ocrx_word' id='word_1_172' title='bbox 897 2069 955 2100; x_wconf 86' lang='lat' dir='ltr'>pro</span> <span class='ocrx_word' id='word_1_173' title='bbox 982 2058 1135 2090; x_wconf 86' lang='lat' dir='ltr'>ecelesia-</span> 
     </span>
     <span class='ocr_line' id='line_1_38' title="bbox 400 2111 1134 2144; baseline -0.001 0"><span class='ocrx_word' id='word_1_174' title='bbox 400 2123 470 2144; x_wconf 88' lang='lat' dir='ltr'>rum</span> <span class='ocrx_word' id='word_1_175' title='bbox 509 2118 541 2144; x_wconf 86' lang='lat' dir='ltr'>et.</span> <span class='ocrx_word' id='word_1_176' title='bbox 577 2111 807 2144; x_wconf 74' lang='lat' dir='ltr'>beneficiorum</span> <span class='ocrx_word' id='word_1_177' title='bbox 843 2111 1134 2143; x_wconf 82' lang='lat' dir='ltr'>ecelesiasticorum</span> 
     </span>
     <span class='ocr_line' id='line_1_39' title="bbox 401 2164 1134 2207; baseline -0.001 -10"><span class='ocrx_word' id='word_1_178' title='bbox 401 2165 631 2198; x_wconf 55' lang='lat' dir='ltr'>exoneratione</span> <span class='ocrx_word' id='word_1_179' title='bbox 657 2164 778 2207; x_wconf 85' lang='lat' dir='ltr'>optimo</span> <span class='ocrx_word' id='word_1_180' title='bbox 804 2164 933 2207; x_wconf 82' lang='lat' dir='ltr'>quidem</span> <span class='ocrx_word' id='word_1_181' title='bbox 958 2165 1134 2197; x_wconf 85' lang='lat' dir='ltr'>constituta</span> 
     </span>
     <span class='ocr_line' id='line_1_40' title="bbox 400 2216 1133 2260; baseline 0 -11"><span class='ocrx_word' id='word_1_182' title='bbox 400 2218 491 2250; x_wconf 79' lang='lat' dir='ltr'>suere</span> <span class='ocrx_word' id='word_1_183' title='bbox 516 2218 667 2258; x_wconf 85' lang='lat' dir='ltr'>consilio,</span> <span class='ocrx_word' id='word_1_184' title='bbox 696 2219 721 2250; x_wconf 81' lang='lat' dir='ltr'>si</span> <span class='ocrx_word' id='word_1_185' title='bbox 749 2222 877 2260; x_wconf 73' lang='lat' dir='ltr'>optatus</span> <span class='ocrx_word' id='word_1_186' title='bbox 902 2217 976 2249; x_wconf 85' lang='lat' dir='ltr'>inde</span> <span class='ocrx_word' id='word_1_187' title='bbox 1001 2216 1133 2250; x_wconf 73' lang='lat' dir='ltr'>effectus</span> 
     </span>
     <span class='ocr_line' id='line_1_41' title="bbox 396 2270 1133 2313; baseline -0.003 -10"><span class='ocrx_word' id='word_1_188' title='bbox 396 2271 528 2303; x_wconf 79' lang='lat' dir='ltr'>minime</span> <span class='ocrx_word' id='word_1_189' title='bbox 553 2271 735 2313; x_wconf 84' lang='lat' dir='ltr'>proveniat,</span> <span class='ocrx_word' id='word_1_190' title='bbox 756 2271 810 2303; x_wconf 84' lang='lat' dir='ltr'>sed</span> <span class='ocrx_word' id='word_1_191' title='bbox 832 2270 939 2312; x_wconf 72' lang='lat' dir='ltr'>gravia</span> <span class='ocrx_word' id='word_1_192' title='bbox 957 2271 1063 2312; x_wconf 86' lang='lat' dir='ltr'>potius</span> <span class='ocrx_word' id='word_1_193' title='bbox 1082 2280 1133 2302; x_wconf 74' lang='lat' dir='ltr'>ex-</span> 
     </span>
     <span class='ocr_line' id='line_1_42' title="bbox 397 2323 1131 2364; baseline -0.001 -9"><span class='ocrx_word' id='word_1_194' title='bbox 397 2323 542 2356; x_wconf 81' lang='lat' dir='ltr'>oriantur</span> <span class='ocrx_word' id='word_1_195' title='bbox 566 2324 781 2364; x_wconf 79' lang='lat' dir='ltr'>inconnuoda,</span> <span class='ocrx_word' id='word_1_196' title='bbox 801 2323 830 2354; x_wconf 91' lang='lat' dir='ltr'>in</span> <span class='ocrx_word' id='word_1_197' title='bbox 853 2323 966 2355; x_wconf 87' lang='lat' dir='ltr'>melius</span> <span class='ocrx_word' id='word_1_198' title='bbox 991 2333 1131 2355; x_wconf 86' lang='lat' dir='ltr'>commu-</span> 
     </span>
     <span class='ocr_line' id='line_1_43' title="bbox 397 2376 1132 2419; baseline -0.001 -11"><span class='ocrx_word' id='word_1_199' title='bbox 397 2381 462 2408; x_wconf 82' lang='lat' dir='ltr'>tare</span> <span class='ocrx_word' id='word_1_200' title='bbox 488 2381 583 2419; x_wconf 86' lang='lat' dir='ltr'>atque</span> <span class='ocrx_word' id='word_1_201' title='bbox 609 2376 784 2408; x_wconf 69' lang='lat' dir='ltr'>reformare</span> <span class='ocrx_word' id='word_1_202' title='bbox 810 2377 928 2415; x_wconf 85' lang='lat' dir='ltr'>studet,</span> <span class='ocrx_word' id='word_1_203' title='bbox 950 2376 1042 2408; x_wconf 83' lang='lat' dir='ltr'>sicuti</span> <span class='ocrx_word' id='word_1_204' title='bbox 1069 2387 1132 2408; x_wconf 85' lang='lat' dir='ltr'>ma-</span> 
     </span>
     <span class='ocr_line' id='line_1_44' title="bbox 397 2428 1131 2471; baseline -0.001 -10"><span class='ocrx_word' id='word_1_205' title='bbox 397 2430 614 2471; x_wconf 73' lang='lat' dir='ltr'>gistrarcrum</span> <span class='ocrx_word' id='word_1_206' title='bbox 636 2428 837 2471; x_wconf 71' lang='lat' dir='ltr'>experientia</span> <span class='ocrx_word' id='word_1_207' title='bbox 862 2429 1044 2461; x_wconf 78' lang='lat' dir='ltr'>faciendum</span> <span class='ocrx_word' id='word_1_208' title='bbox 1061 2439 1131 2460; x_wconf 79' lang='lat' dir='ltr'>sua—</span> 
     </span>
     <span class='ocr_line' id='line_1_45' title="bbox 398 2481 1129 2525; baseline -0.003 -10"><span class='ocrx_word' id='word_1_209' title='bbox 398 2483 473 2522; x_wconf 85' lang='lat' dir='ltr'>det,</span> <span class='ocrx_word' id='word_1_210' title='bbox 506 2494 541 2514; x_wconf 83' lang='lat' dir='ltr'>ae</span> <span class='ocrx_word' id='word_1_211' title='bbox 565 2482 658 2525; x_wconf 79' lang='lat' dir='ltr'>aequi</span> <span class='ocrx_word' id='word_1_212' title='bbox 690 2481 834 2524; x_wconf 80' lang='lat' dir='ltr'>bonique</span> <span class='ocrx_word' id='word_1_213' title='bbox 867 2481 969 2521; x_wconf 84' lang='lat' dir='ltr'>ratio,</span> <span class='ocrx_word' id='word_1_214' title='bbox 1002 2491 1129 2515; x_wconf 82' lang='lat' dir='ltr'>necnon</span> 
     </span>
     <span class='ocr_line' id='line_1_46' title="bbox 395 2534 1127 2579; baseline -0.003 -9"><span class='ocrx_word' id='word_1_215' title='bbox 395 2536 607 2570; x_wconf 78' lang='lat' dir='ltr'>ecclesiarum</span> <span class='ocrx_word' id='word_1_216' title='bbox 643 2540 673 2568; x_wconf 89' lang='lat' dir='ltr'>et</span> <span class='ocrx_word' id='word_1_217' title='bbox 712 2534 943 2567; x_wconf 75' lang='lat' dir='ltr'>beneficiorum</span> <span class='ocrx_word' id='word_1_218' title='bbox 983 2535 1127 2579; x_wconf 81' lang='lat' dir='ltr'>ipsorum</span> 
     </span>
    </p>
   </div>
   <div class='ocr_carea' id='block_1_9' title="bbox 987 158 1341 182">
    <p class='ocr_par' dir='ltr' id='par_1_19' title="bbox 987 158 1341 182">
     <span class='ocr_line' id='line_1_47' title="bbox 987 158 1341 182; baseline 0.006 -2"><span class='ocrx_word' id='word_1_219' title='bbox 987 158 1066 181; x_wconf 65' lang='lat' dir='ltr'>nrm.</span> <span class='ocrx_word' id='word_1_220' title='bbox 1075 158 1166 181; x_wconf 63' lang='lat' dir='ltr'>xntt&#39;it</span> <span class='ocrx_word' id='word_1_221' title='bbox 1190 158 1341 182; x_wconf 63' lang='lat' dir='ltr'>uoumvu</span> 
     </span>
    </p>
   </div>
   <div class='ocr_carea' id='block_1_10' title="bbox 1162 208 1174 1457">
    <p class='ocr_par' dir='ltr' id='par_1_20' title="bbox 1162 208 1174 1457">
     <span class='ocr_line' id='line_1_48' title="bbox 1162 208 1174 1457; baseline 0 0"><span class='ocrx_word' id='word_1_222' title='bbox 1162 208 1174 1457; x_wconf 95' lang='lat' dir='ltr'> </span> 
     </span>
    </p>
   </div>
   <div class='ocr_carea' id='block_1_11' title="bbox 1151 1971 1160 2570">
    <p class='ocr_par' dir='ltr' id='par_1_21' title="bbox 1151 1971 1160 2570">
     <span class='ocr_line' id='line_1_49' title="bbox 1151 1971 1160 2570; baseline 0 0"><span class='ocrx_word' id='word_1_223' title='bbox 1151 1971 1160 2570; x_wconf 95' lang='lat' dir='ltr'> </span> 
     </span>
    </p>
   </div>
   <div class='ocr_carea' id='block_1_12' title="bbox 1177 156 2111 2313">
    <p class='ocr_par' dir='ltr' id='par_1_22' title="bbox 1191 156 2111 302">
     <span class='ocr_line' id='line_1_50' title="bbox 1932 156 2111 192; baseline 0.034 -6"><span class='ocrx_word' id='word_1_224' title='bbox 1932 158 1986 188; x_wconf 81' lang='lat' dir='ltr'>An.</span> <span class='ocrx_word' id='word_1_225' title='bbox 2004 156 2032 189; x_wconf 84' lang='lat' dir='ltr'>C.</span> <span class='ocrx_word' id='word_1_226' title='bbox 2048 159 2111 192; x_wconf 74' lang='lat'><strong>1678</strong></span> 
     </span>
     <span class='ocr_line' id='line_1_51' title="bbox 1191 207 1925 251; baseline 0.007 -15"><span class='ocrx_word' id='word_1_227' title='bbox 1191 207 1321 243; x_wconf 79' lang='lat' dir='ltr'>utilitas,</span> <span class='ocrx_word' id='word_1_228' title='bbox 1343 212 1375 239; x_wconf 82' lang='lat' dir='ltr'>et</span> <span class='ocrx_word' id='word_1_229' title='bbox 1400 207 1658 240; x_wconf 58' lang='lat' dir='ltr'>chrisiirdeiium</span> <span class='ocrx_word' id='word_1_230' title='bbox 1691 218 1750 251; x_wconf 73' lang='lat' dir='ltr'>pax</span> <span class='ocrx_word' id='word_1_231' title='bbox 1777 213 1810 241; x_wconf 85' lang='lat' dir='ltr'>et</span> <span class='ocrx_word' id='word_1_232' title='bbox 1840 212 1925 241; x_wconf 83' lang='lat' dir='ltr'>tran-</span> 
     </span>
     <span class='ocr_line' id='line_1_52' title="bbox 1192 260 1732 302; baseline 0.007 -12"><span class='ocrx_word' id='word_1_233' title='bbox 1192 260 1337 302; x_wconf 82' lang='lat' dir='ltr'>quillitas</span> <span class='ocrx_word' id='word_1_234' title='bbox 1364 266 1540 292; x_wconf 85' lang='lat' dir='ltr'>noscuntur</span> <span class='ocrx_word' id='word_1_235' title='bbox 1557 262 1732 302; x_wconf 78' lang='lat' dir='ltr'>postulare.</span> 
     </span>
    </p>

    <p class='ocr_par' dir='ltr' id='par_1_23' title="bbox 1177 313 2111 2313">
     <span class='ocr_line' id='line_1_53' title="bbox 1234 313 2111 356; baseline 0.003 -11"><span class='ocrx_word' id='word_1_236' title='bbox 1234 313 1248 355; x_wconf 60' lang='grc' dir='ltr'>ξ</span> <span class='ocrx_word' id='word_1_237' title='bbox 1274 313 1305 345; x_wconf 82' lang='grc'>1.</span> <span class='ocrx_word' id='word_1_238' title='bbox 1333 313 1409 346; x_wconf 90' lang='lat' dir='ltr'>Cum</span> <span class='ocrx_word' id='word_1_239' title='bbox 1434 314 1541 356; x_wconf 83' lang='lat' dir='ltr'>itaque</span> <span class='ocrx_word' id='word_1_240' title='bbox 1560 314 1678 346; x_wconf 86' lang='lat' dir='ltr'>dudum</span> <span class='ocrx_word' id='word_1_241' title='bbox 1698 314 1799 347; x_wconf 75' lang='lat' dir='ltr'>felicis</span> <span class='ocrx_word' id='word_1_242' title='bbox 1817 326 1925 348; x_wconf 87' lang='lat' dir='ltr'>recor·</span> <span class='ocrx_word' id='word_1_243' title='bbox 1958 326 2046 356; x_wconf 52' lang='lat' dir='ltr'>sum-..3</span> <span class='ocrx_word' id='word_1_244' title='bbox 2063 327 2111 348; x_wconf 59' lang='lat' dir='ltr'>‹tnn-</span> 
     </span>
     <span class='ocr_line' id='line_1_54' title="bbox 1192 353 2111 409; baseline 0.004 -13"><span class='ocrx_word' id='word_1_245' title='bbox 1192 366 1330 398; x_wconf 80' lang='lat' dir='ltr'>ciationis</span> <span class='ocrx_word' id='word_1_246' title='bbox 1358 366 1502 398; x_wconf 81' lang='lat' dir='ltr'>Urbanus</span> <span class='ocrx_word' id='word_1_247' title='bbox 1517 366 1601 409; x_wconf 82' lang='lat' dir='ltr'>Papa</span> <span class='ocrx_word' id='word_1_248' title='bbox 1617 367 1680 399; x_wconf 74' lang='lat' dir='ltr'>Vlll</span> <span class='ocrx_word' id='word_1_249' title='bbox 1695 354 2052 409; x_wconf 63' lang='lat' dir='ltr'>p1·aedecess0r33¹„¹i&#39;&#39;v⁰ii&#39;i“.</span> <span class='ocrx_word' id='word_1_250' title='bbox 2078 353 2111 375; x_wconf 61' lang='lat'>⁰*</span> 
     </span>
     <span class='ocr_line' id='line_1_55' title="bbox 1193 419 1924 461; baseline 0.004 -10"><span class='ocrx_word' id='word_1_251' title='bbox 1193 419 1317 451; x_wconf 82' lang='lat' dir='ltr'>noster¹</span> <span class='ocrx_word' id='word_1_252' title='bbox 1340 430 1451 452; x_wconf 87' lang='lat' dir='ltr'>omnes</span> <span class='ocrx_word' id='word_1_253' title='bbox 1468 426 1498 452; x_wconf 89' lang='lat' dir='ltr'>et</span> <span class='ocrx_word' id='word_1_254' title='bbox 1518 420 1659 461; x_wconf 76' lang='lat' dir='ltr'>singulas</span> <span class='ocrx_word' id='word_1_255' title='bbox 1677 420 1856 461; x_wconf 73' lang='lat' dir='ltr'>facultates,</span> <span class='ocrx_word' id='word_1_256' title='bbox 1875 421 1924 454; x_wconf 91' lang='lat' dir='ltr'>in-</span> 
     </span>
     <span class='ocr_line' id='line_1_56' title="bbox 1191 472 1925 515; baseline 0.004 -12"><span class='ocrx_word' id='word_1_257' title='bbox 1191 472 1279 504; x_wconf 78' lang='lat' dir='ltr'>dulta</span> <span class='ocrx_word' id='word_1_258' title='bbox 1298 478 1329 504; x_wconf 90' lang='lat' dir='ltr'>et</span> <span class='ocrx_word' id='word_1_259' title='bbox 1342 472 1509 515; x_wconf 74' lang='lat' dir='ltr'>privilegia</span> <span class='ocrx_word' id='word_1_260' title='bbox 1527 472 1742 505; x_wconf 81' lang='lat' dir='ltr'>transferendi</span> <span class='ocrx_word' id='word_1_261' title='bbox 1761 483 1925 515; x_wconf 82' lang='lat' dir='ltr'>quascum-</span> 
     </span>
     <span class='ocr_line' id='line_1_57' title="bbox 1192 525 1926 568; baseline 0.005 -13"><span class='ocrx_word' id='word_1_262' title='bbox 1192 536 1254 568; x_wconf 81' lang='lat' dir='ltr'>que</span> <span class='ocrx_word' id='word_1_263' title='bbox 1279 525 1455 568; x_wconf 80' lang='lat' dir='ltr'>pensiones</span> <span class='ocrx_word' id='word_1_264' title='bbox 1473 536 1595 557; x_wconf 78' lang='lat' dir='ltr'>annuas</span> <span class='ocrx_word' id='word_1_265' title='bbox 1613 535 1712 568; x_wconf 88' lang='lat' dir='ltr'>super</span> <span class='ocrx_word' id='word_1_266' title='bbox 1729 526 1926 568; x_wconf 81' lang='lat' dir='ltr'>patriarcha-</span> 
     </span>
     <span class='ocr_line' id='line_1_58' title="bbox 1191 577 1923 621; baseline 0 -11"><span class='ocrx_word' id='word_1_267' title='bbox 1191 577 1289 616; x_wconf 77' lang='lat' dir='ltr'>lium,</span> <span class='ocrx_word' id='word_1_268' title='bbox 1318 578 1641 621; x_wconf 82' lang='lat' dir='ltr'>metropolitanarum</span> <span class='ocrx_word' id='word_1_269' title='bbox 1655 604 1662 617; x_wconf 89' lang='lat'><em>‚</em></span> <span class='ocrx_word' id='word_1_270' title='bbox 1689 577 1923 610; x_wconf 82' lang='lat' dir='ltr'>cathedralium</span> 
     </span>
     <span class='ocr_line' id='line_1_59' title="bbox 1191 631 1923 674; baseline 0.001 -11"><span class='ocrx_word' id='word_1_271' title='bbox 1191 636 1222 663; x_wconf 88' lang='lat' dir='ltr'>et</span> <span class='ocrx_word' id='word_1_272' title='bbox 1246 631 1455 664; x_wconf 75' lang='lat' dir='ltr'>abbati-alium</span> <span class='ocrx_word' id='word_1_273' title='bbox 1480 642 1662 664; x_wconf 84' lang='lat' dir='ltr'>mensarum</span> <span class='ocrx_word' id='word_1_274' title='bbox 1687 637 1719 664; x_wconf 86' lang='lat' dir='ltr'>et</span> <span class='ocrx_word' id='word_1_275' title='bbox 1736 631 1923 674; x_wconf 87' lang='lat' dir='ltr'>quorumvis</span> 
     </span>
     <span class='ocr_line' id='line_1_60' title="bbox 1190 684 1923 728; baseline 0.003 -12"><span class='ocrx_word' id='word_1_276' title='bbox 1190 685 1486 718; x_wconf 84' lang='lat' dir='ltr'>ecclesiastieorum</span> <span class='ocrx_word' id='word_1_277' title='bbox 1512 690 1573 717; x_wconf 79' lang='lat' dir='ltr'>tam</span> <span class='ocrx_word' id='word_1_278' title='bbox 1592 684 1805 718; x_wconf 87' lang='lat' dir='ltr'>saecularium</span> <span class='ocrx_word' id='word_1_279' title='bbox 1826 695 1923 728; x_wconf 85' lang='lat' dir='ltr'>quam</span> 
     </span>
     <span class='ocr_line' id='line_1_61' title="bbox 1191 738 1924 781; baseline 0.003 -12"><span class='ocrx_word' id='word_1_280' title='bbox 1191 738 1386 779; x_wconf 81' lang='lat' dir='ltr'>regularium</span> <span class='ocrx_word' id='word_1_281' title='bbox 1410 738 1642 771; x_wconf 79' lang='lat' dir='ltr'>beneficiorum</span> <span class='ocrx_word' id='word_1_282' title='bbox 1668 738 1924 781; x_wconf 86' lang='lat' dir='ltr'>quomodocum-</span> 
     </span>
     <span class='ocr_line' id='line_1_62' title="bbox 1190 791 1923 833; baseline 0.004 -12"><span class='ocrx_word' id='word_1_283' title='bbox 1190 801 1252 832; x_wconf 90' lang='lat' dir='ltr'>que</span> <span class='ocrx_word' id='word_1_284' title='bbox 1278 791 1531 833; x_wconf 83' lang='lat' dir='ltr'>qualificatorum</span> <span class='ocrx_word' id='word_1_285' title='bbox 1556 792 1720 832; x_wconf 78' lang='lat' dir='ltr'>fructibus,</span> <span class='ocrx_word' id='word_1_286' title='bbox 1747 797 1810 824; x_wconf 84' lang='lat' dir='ltr'>tam</span> <span class='ocrx_word' id='word_1_287' title='bbox 1828 791 1923 825; x_wconf 84' lang='lat' dir='ltr'>certis</span> 
     </span>
     <span class='ocr_line' id='line_1_63' title="bbox 1190 843 1922 885; baseline 0.003 -11"><span class='ocrx_word' id='word_1_288' title='bbox 1190 853 1283 885; x_wconf 84' lang='lat' dir='ltr'>quam</span> <span class='ocrx_word' id='word_1_289' title='bbox 1310 843 1454 883; x_wconf 87' lang='lat' dir='ltr'>incertis,</span> <span class='ocrx_word' id='word_1_290' title='bbox 1473 855 1508 877; x_wconf 86' lang='lat' dir='ltr'>ac</span> <span class='ocrx_word' id='word_1_291' title='bbox 1526 844 1621 877; x_wconf 84' lang='lat' dir='ltr'>etiam</span> <span class='ocrx_word' id='word_1_292' title='bbox 1639 843 1922 877; x_wconf 83' lang='lat' dir='ltr'>distributionibus</span> 
     </span>
     <span class='ocr_line' id='line_1_64' title="bbox 1189 896 1923 940; baseline 0.003 -13"><span class='ocrx_word' id='word_1_293' title='bbox 1189 896 1383 938; x_wconf 85' lang='lat' dir='ltr'>quotidianis</span> <span class='ocrx_word' id='word_1_294' title='bbox 1408 902 1601 937; x_wconf 83' lang='lat' dir='ltr'>reservatas,</span> <span class='ocrx_word' id='word_1_295' title='bbox 1624 907 1705 940; x_wconf 83' lang='lat' dir='ltr'>quae</span> <span class='ocrx_word' id='word_1_296' title='bbox 1731 902 1838 929; x_wconf 74' lang='lat' dir='ltr'>tamen</span> <span class='ocrx_word' id='word_1_297' title='bbox 1863 907 1923 940; x_wconf 89' lang='lat' dir='ltr'>per</span> 
     </span>
     <span class='ocr_line' id='line_1_65' title="bbox 1188 949 1922 992; baseline 0 -10"><span class='ocrx_word' id='word_1_298' title='bbox 1188 950 1421 982; x_wconf 78' lang='lat' dir='ltr'>extractionem</span> <span class='ocrx_word' id='word_1_299' title='bbox 1443 949 1454 966; x_wconf 64' lang='lat'><strong>2</strong></span> <span class='ocrx_word' id='word_1_300' title='bbox 1492 949 1690 992; x_wconf 79' lang='lat' dir='ltr'>integrarum</span> <span class='ocrx_word' id='word_1_301' title='bbox 1728 949 1922 992; x_wconf 87' lang='lat' dir='ltr'>pensionum</span> 
     </span>
     <span class='ocr_line' id='line_1_66' title="bbox 1188 1002 1922 1045; baseline -0.001 -10"><span class='ocrx_word' id='word_1_302' title='bbox 1188 1002 1383 1042; x_wconf 87' lang='lat' dir='ltr'>huiusmodi,</span> <span class='ocrx_word' id='word_1_303' title='bbox 1403 1003 1442 1035; x_wconf 83' lang='lat' dir='ltr'>ab</span> <span class='ocrx_word' id='word_1_304' title='bbox 1465 1002 1541 1045; x_wconf 87' lang='lat' dir='ltr'>ipsis</span> <span class='ocrx_word' id='word_1_305' title='bbox 1565 1002 1777 1035; x_wconf 81' lang='lat' dir='ltr'>translatariis</span> <span class='ocrx_word' id='word_1_306' title='bbox 1795 1003 1922 1044; x_wconf 83' lang='lat' dir='ltr'>saetam,</span> 
     </span>
     <span class='ocr_line' id='line_1_67' title="bbox 1187 1055 1921 1089; baseline 0 0"><span class='ocrx_word' id='word_1_307' title='bbox 1187 1058 1307 1089; x_wconf 85' lang='lat' dir='ltr'>realem</span> <span class='ocrx_word' id='word_1_308' title='bbox 1330 1062 1362 1089; x_wconf 91' lang='lat' dir='ltr'>et</span> <span class='ocrx_word' id='word_1_309' title='bbox 1382 1057 1539 1089; x_wconf 76' lang='lat' dir='ltr'>actualem</span> <span class='ocrx_word' id='word_1_310' title='bbox 1559 1055 1706 1089; x_wconf 74' lang='lat' dir='ltr'>effectum</span> <span class='ocrx_word' id='word_1_311' title='bbox 1729 1056 1843 1088; x_wconf 85' lang='lat' dir='ltr'>sortita</span> <span class='ocrx_word' id='word_1_312' title='bbox 1856 1066 1921 1089; x_wconf 87' lang='lat' dir='ltr'>non</span> 
     </span>
     <span class='ocr_line' id='line_1_68' title="bbox 1187 1107 1920 1151; baseline -0.001 -9"><span class='ocrx_word' id='word_1_313' title='bbox 1187 1108 1312 1147; x_wconf 79' lang='lat' dir='ltr'>essent³,</span> <span class='ocrx_word' id='word_1_314' title='bbox 1327 1120 1385 1151; x_wconf 87' lang='lat' dir='ltr'>pro</span> <span class='ocrx_word' id='word_1_315' title='bbox 1401 1111 1524 1142; x_wconf 71' lang='lat' dir='ltr'>summa</span> <span class='ocrx_word' id='word_1_316' title='bbox 1535 1119 1615 1151; x_wconf 85' lang='lat' dir='ltr'>quae</span> <span class='ocrx_word' id='word_1_317' title='bbox 1630 1107 1838 1141; x_wconf 83' lang='lat' dir='ltr'>medietatem</span> <span class='ocrx_word' id='word_1_318' title='bbox 1853 1108 1920 1141; x_wconf 87' lang='lat' dir='ltr'>veri</span> 
     </span>
     <span class='ocr_line' id='line_1_69' title="bbox 1186 1159 1922 1194; baseline -0.001 0"><span class='ocrx_word' id='word_1_319' title='bbox 1186 1162 1283 1194; x_wconf 83' lang='lat' dir='ltr'>annui</span> <span class='ocrx_word' id='word_1_320' title='bbox 1309 1162 1427 1194; x_wconf 83' lang='lat' dir='ltr'>valoris</span> <span class='ocrx_word' id='word_1_321' title='bbox 1452 1162 1611 1194; x_wconf 83' lang='lat' dir='ltr'>fruetuum</span> <span class='ocrx_word' id='word_1_322' title='bbox 1636 1171 1766 1193; x_wconf 83' lang='lat' dir='ltr'>mensae</span> <span class='ocrx_word' id='word_1_323' title='bbox 1792 1170 1849 1192; x_wconf 86' lang='lat' dir='ltr'>sen</span> <span class='ocrx_word' id='word_1_324' title='bbox 1865 1159 1922 1193; x_wconf 88' lang='lat' dir='ltr'>be-</span> 
     </span>
     <span class='ocr_line' id='line_1_70' title="bbox 1187 1212 1920 1258; baseline 0 -12"><span class='ocrx_word' id='word_1_325' title='bbox 1187 1215 1302 1253; x_wconf 74' lang='lat' dir='ltr'>neficii,</span> <span class='ocrx_word' id='word_1_326' title='bbox 1317 1225 1416 1257; x_wconf 86' lang='lat' dir='ltr'>super</span> <span class='ocrx_word' id='word_1_327' title='bbox 1432 1215 1549 1258; x_wconf 89' lang='lat' dir='ltr'>quibus</span> <span class='ocrx_word' id='word_1_328' title='bbox 1564 1213 1675 1256; x_wconf 89' lang='lat' dir='ltr'>pensio</span> <span class='ocrx_word' id='word_1_329' title='bbox 1694 1212 1920 1246; x_wconf 80' lang='lat' dir='ltr'>transferenda</span> 
     </span>
     <span class='ocr_line' id='line_1_71' title="bbox 1185 1265 1920 1309; baseline 0.001 -11"><span class='ocrx_word' id='word_1_330' title='bbox 1185 1277 1239 1299; x_wconf 86' lang='lat' dir='ltr'>sen</span> <span class='ocrx_word' id='word_1_331' title='bbox 1255 1268 1407 1299; x_wconf 82' lang='lat' dir='ltr'>translata</span> <span class='ocrx_word' id='word_1_332' title='bbox 1426 1273 1587 1300; x_wconf 82' lang='lat' dir='ltr'>reservata</span> <span class='ocrx_word' id='word_1_333' title='bbox 1604 1265 1808 1309; x_wconf 77' lang='lat' dir='ltr'>reperietur‘,</span> <span class='ocrx_word' id='word_1_334' title='bbox 1827 1276 1920 1299; x_wconf 80' lang='lat' dir='ltr'>exce-</span> 
     </span>
     <span class='ocr_line' id='line_1_72' title="bbox 1186 1317 1918 1363; baseline -0.004 -10"><span class='ocrx_word' id='word_1_335' title='bbox 1186 1321 1284 1359; x_wconf 83' lang='lat' dir='ltr'>deret,</span> <span class='ocrx_word' id='word_1_336' title='bbox 1298 1320 1463 1363; x_wconf 84' lang='lat' dir='ltr'>quibusvis</span> <span class='ocrx_word' id='word_1_337' title='bbox 1473 1319 1629 1362; x_wconf 86' lang='lat' dir='ltr'>personis,</span> <span class='ocrx_word' id='word_1_338' title='bbox 1642 1319 1739 1351; x_wconf 86' lang='lat' dir='ltr'>etiam</span> <span class='ocrx_word' id='word_1_339' title='bbox 1754 1317 1918 1358; x_wconf 81' lang='lat' dir='ltr'>abbatiali,</span> 
     </span>
     <span class='ocr_line' id='line_1_73' title="bbox 1185 1371 1917 1415; baseline -0.003 -10"><span class='ocrx_word' id='word_1_340' title='bbox 1185 1373 1371 1415; x_wconf 83' lang='lat' dir='ltr'>episcopali,</span> <span class='ocrx_word' id='word_1_341' title='bbox 1398 1372 1676 1414; x_wconf 82' lang='lat' dir='ltr'>archiepiscopali,</span> <span class='ocrx_word' id='word_1_342' title='bbox 1694 1371 1917 1414; x_wconf 78' lang='lat' dir='ltr'>patriarchali,</span> 
     </span>
     <span class='ocr_line' id='line_1_74' title="bbox 1184 1423 1919 1468; baseline -0.001 -11"><span class='ocrx_word' id='word_1_343' title='bbox 1184 1426 1232 1457; x_wconf 88' lang='lat' dir='ltr'>vel</span> <span class='ocrx_word' id='word_1_344' title='bbox 1258 1426 1318 1458; x_wconf 69' lang='lat' dir='ltr'>alie</span> <span class='ocrx_word' id='word_1_345' title='bbox 1345 1425 1455 1468; x_wconf 84' lang='lat' dir='ltr'>quavis</span> <span class='ocrx_word' id='word_1_346' title='bbox 1480 1425 1657 1467; x_wconf 74' lang='lat' dir='ltr'>dignitate,</span> <span class='ocrx_word' id='word_1_347' title='bbox 1685 1423 1782 1457; x_wconf 82' lang='lat' dir='ltr'>etiam</span> <span class='ocrx_word' id='word_1_348' title='bbox 1814 1423 1919 1457; x_wconf 83' lang='lat' dir='ltr'>cardi-</span> 
     </span>
     <span class='ocr_line' id='line_1_75' title="bbox 1183 1476 1917 1521; baseline -0.001 -11"><span class='ocrx_word' id='word_1_349' title='bbox 1183 1480 1309 1511; x_wconf 83' lang='lat' dir='ltr'>nalatus</span> <span class='ocrx_word' id='word_1_350' title='bbox 1334 1479 1461 1511; x_wconf 88' lang='lat' dir='ltr'>honore</span> <span class='ocrx_word' id='word_1_351' title='bbox 1487 1478 1704 1521; x_wconf 78' lang='lat' dir='ltr'>fulgentibus,</span> <span class='ocrx_word' id='word_1_352' title='bbox 1730 1477 1795 1510; x_wconf 87' lang='lat' dir='ltr'>sive</span> <span class='ocrx_word' id='word_1_353' title='bbox 1820 1476 1917 1510; x_wconf 84' lang='lat' dir='ltr'>etiam</span> 
     </span>
     <span class='ocr_line' id='line_1_76' title="bbox 1183 1529 1918 1573; baseline -0.001 -10"><span class='ocrx_word' id='word_1_354' title='bbox 1183 1531 1221 1563; x_wconf 83' lang='lat' dir='ltr'>ad</span> <span class='ocrx_word' id='word_1_355' title='bbox 1242 1532 1379 1564; x_wconf 79' lang='lat' dir='ltr'>savorem</span> <span class='ocrx_word' id='word_1_356' title='bbox 1394 1541 1672 1573; x_wconf 84' lang='lat' dir='ltr'>quorumcumque</span> <span class='ocrx_word' id='word_1_357' title='bbox 1688 1530 1834 1562; x_wconf 88' lang='lat' dir='ltr'>locorum</span> <span class='ocrx_word' id='word_1_358' title='bbox 1848 1529 1918 1572; x_wconf 92' lang='lat' dir='ltr'>pio-</span> 
     </span>
     <span class='ocr_line' id='line_1_77' title="bbox 1182 1581 1916 1626; baseline 0 -12"><span class='ocrx_word' id='word_1_359' title='bbox 1182 1594 1250 1615; x_wconf 78' lang='lat' dir='ltr'>rum</span> <span class='ocrx_word' id='word_1_360' title='bbox 1277 1590 1309 1616; x_wconf 86' lang='lat' dir='ltr'>et</span> <span class='ocrx_word' id='word_1_361' title='bbox 1333 1584 1564 1626; x_wconf 75' lang='lat' dir='ltr'>collegiorum,</span> <span class='ocrx_word' id='word_1_362' title='bbox 1592 1582 1706 1626; x_wconf 88' lang='lat' dir='ltr'>quovis</span> <span class='ocrx_word' id='word_1_363' title='bbox 1739 1581 1858 1614; x_wconf 85' lang='lat' dir='ltr'>intuitu</span> <span class='ocrx_word' id='word_1_364' title='bbox 1884 1586 1916 1614; x_wconf 89' lang='lat' dir='ltr'>et</span> 
     </span>
     <span class='ocr_line' id='line_1_78' title="bbox 1181 1634 1916 1678; baseline -0.003 -10"><span class='ocrx_word' id='word_1_365' title='bbox 1181 1636 1462 1676; x_wconf 83' lang='lat' dir='ltr'>consideratione,</span> <span class='ocrx_word' id='word_1_366' title='bbox 1490 1637 1586 1669; x_wconf 88' lang='lat' dir='ltr'>etiam</span> <span class='ocrx_word' id='word_1_367' title='bbox 1611 1640 1699 1668; x_wconf 89' lang='lat' dir='ltr'>motu</span> <span class='ocrx_word' id='word_1_368' title='bbox 1725 1634 1858 1678; x_wconf 85' lang='lat' dir='ltr'>proprio</span> <span class='ocrx_word' id='word_1_369' title='bbox 1884 1639 1916 1667; x_wconf 88' lang='lat' dir='ltr'>et</span> 
     </span>
     <span class='ocr_line' id='line_1_79' title="bbox 1181 1688 1916 1731; baseline -0.001 -10"><span class='ocrx_word' id='word_1_370' title='bbox 1181 1699 1218 1721; x_wconf 82' lang='lat' dir='ltr'>ex</span> <span class='ocrx_word' id='word_1_371' title='bbox 1243 1692 1330 1722; x_wconf 73' lang='lat' dir='ltr'>certa</span> <span class='ocrx_word' id='word_1_372' title='bbox 1356 1689 1487 1722; x_wconf 79' lang='lat' dir='ltr'>scientia</span> <span class='ocrx_word' id='word_1_373' title='bbox 1513 1694 1545 1722; x_wconf 85' lang='lat' dir='ltr'>et</span> <span class='ocrx_word' id='word_1_374' title='bbox 1569 1689 1607 1721; x_wconf 91' lang='lat' dir='ltr'>de</span> <span class='ocrx_word' id='word_1_375' title='bbox 1637 1688 1832 1731; x_wconf 84' lang='lat' dir='ltr'>apostolicae</span> <span class='ocrx_word' id='word_1_376' title='bbox 1856 1697 1916 1731; x_wconf 90' lang='lat' dir='ltr'>po-</span> 
     </span>
     <span class='ocr_line' id='line_1_80' title="bbox 1182 1740 1913 1785; baseline -0.001 -11"><span class='ocrx_word' id='word_1_377' title='bbox 1182 1742 1306 1774; x_wconf 88' lang='lat' dir='ltr'>testatis</span> <span class='ocrx_word' id='word_1_378' title='bbox 1333 1742 1558 1785; x_wconf 85' lang='lat' dir='ltr'>plenitudine,</span> <span class='ocrx_word' id='word_1_379' title='bbox 1583 1752 1619 1774; x_wconf 87' lang='lat' dir='ltr'>ac</span> <span class='ocrx_word' id='word_1_380' title='bbox 1649 1752 1720 1774; x_wconf 85' lang='lat' dir='ltr'>cum</span> <span class='ocrx_word' id='word_1_381' title='bbox 1745 1740 1913 1784; x_wconf 83' lang='lat' dir='ltr'>quibusvis</span> 
     </span>
     <span class='ocr_line' id='line_1_81' title="bbox 1181 1795 1915 1837; baseline -0.005 -8"><span class='ocrx_word' id='word_1_382' title='bbox 1181 1795 1333 1829; x_wconf 82' lang='lat' dir='ltr'>clausulis</span> <span class='ocrx_word' id='word_1_383' title='bbox 1359 1799 1391 1827; x_wconf 89' lang='lat' dir='ltr'>et</span> <span class='ocrx_word' id='word_1_384' title='bbox 1415 1795 1560 1834; x_wconf 85' lang='lat' dir='ltr'>decretis,</span> <span class='ocrx_word' id='word_1_385' title='bbox 1588 1799 1651 1826; x_wconf 86' lang='lat' dir='ltr'>tam</span> <span class='ocrx_word' id='word_1_386' title='bbox 1668 1804 1726 1837; x_wconf 88' lang='lat' dir='ltr'>per</span> <span class='ocrx_word' id='word_1_387' title='bbox 1744 1803 1915 1836; x_wconf 86' lang='lat' dir='ltr'>quoscum-</span> 
     </span>
     <span class='ocr_line' id='line_1_82' title="bbox 1181 1846 1912 1890; baseline -0.001 -10"><span class='ocrx_word' id='word_1_388' title='bbox 1181 1859 1242 1890; x_wconf 85' lang='lat' dir='ltr'>que</span> <span class='ocrx_word' id='word_1_389' title='bbox 1267 1847 1430 1880; x_wconf 84' lang='lat' dir='ltr'>Romanos</span> <span class='ocrx_word' id='word_1_390' title='bbox 1451 1847 1623 1880; x_wconf 68' lang='lat' dir='ltr'>Pontifices</span> <span class='ocrx_word' id='word_1_391' title='bbox 1639 1846 1912 1889; x_wconf 84' lang='lat' dir='ltr'>praedecessores</span> 
     </span>
     <span class='ocr_line' id='line_1_83' title="bbox 1180 1899 1915 1943; baseline -0.001 -11"><span class='ocrx_word' id='word_1_392' title='bbox 1180 1911 1253 1934; x_wconf 85' lang='lat' dir='ltr'>suos</span> <span class='ocrx_word' id='word_1_393' title='bbox 1279 1911 1373 1943; x_wconf 86' lang='lat' dir='ltr'>quam</span> <span class='ocrx_word' id='word_1_394' title='bbox 1403 1900 1510 1943; x_wconf 88' lang='lat' dir='ltr'>ipsum</span> <span class='ocrx_word' id='word_1_395' title='bbox 1536 1899 1698 1932; x_wconf 85' lang='lat' dir='ltr'>Urbanum</span> <span class='ocrx_word' id='word_1_396' title='bbox 1725 1899 1915 1942; x_wconf 88' lang='lat' dir='ltr'>praedeces-</span> 
     </span>
     <span class='ocr_line' id='line_1_84' title="bbox 1179 1951 1911 1993; baseline -0.004 -7"><span class='ocrx_word' id='word_1_397' title='bbox 1179 1964 1282 1986; x_wconf 84' lang='lat' dir='ltr'>sorem</span> <span class='ocrx_word' id='word_1_398' title='bbox 1319 1963 1475 1985; x_wconf 83' lang='lat' dir='ltr'>concessa</span> <span class='ocrx_word' id='word_1_399' title='bbox 1505 1957 1661 1993; x_wconf 85' lang='lat' dir='ltr'>eatenus,</span> <span class='ocrx_word' id='word_1_400' title='bbox 1689 1951 1911 1992; x_wconf 85' lang='lat' dir='ltr'>revocaverit,</span> 
     </span>
     <span class='ocr_line' id='line_1_85' title="bbox 1178 2004 1913 2044; baseline -0.001 -7"><span class='ocrx_word' id='word_1_401' title='bbox 1178 2005 1353 2038; x_wconf 83' lang='lat' dir='ltr'>cassaverit</span> <span class='ocrx_word' id='word_1_402' title='bbox 1378 2010 1410 2037; x_wconf 88' lang='lat' dir='ltr'>et</span> <span class='ocrx_word' id='word_1_403' title='bbox 1433 2004 1657 2044; x_wconf 84' lang='lat' dir='ltr'>annullaverit,</span> <span class='ocrx_word' id='word_1_404' title='bbox 1683 2015 1719 2037; x_wconf 83' lang='lat' dir='ltr'>ae</span> <span class='ocrx_word' id='word_1_405' title='bbox 1742 2004 1863 2037; x_wconf 90' lang='lat' dir='ltr'>viribus</span> <span class='ocrx_word' id='word_1_406' title='bbox 1881 2008 1913 2037; x_wconf 88' lang='lat' dir='ltr'>et</span> 
     </span>
     <span class='ocr_line' id='line_1_86' title="bbox 1179 2057 1914 2100; baseline -0.003 -9"><span class='ocrx_word' id='word_1_407' title='bbox 1179 2058 1291 2091; x_wconf 75' lang='lat' dir='ltr'>eil‘ectu</span> <span class='ocrx_word' id='word_1_408' title='bbox 1318 2058 1519 2091; x_wconf 82' lang='lat' dir='ltr'>evacuaverit</span> <span class='ocrx_word' id='word_1_409' title='bbox 1548 2058 1605 2100; x_wconf 88' lang='lat' dir='ltr'>(ita</span> <span class='ocrx_word' id='word_1_410' title='bbox 1629 2063 1734 2090; x_wconf 88' lang='lat' dir='ltr'>tamen</span> <span class='ocrx_word' id='word_1_411' title='bbox 1762 2063 1801 2089; x_wconf 76' lang='lat' dir='ltr'>ut</span> <span class='ocrx_word' id='word_1_412' title='bbox 1817 2057 1914 2089; x_wconf 86' lang='lat' dir='ltr'>sacul-</span> 
     </span>
     <span class='ocr_line' id='line_1_87' title="bbox 1179 2110 1912 2154; baseline -0.003 -10"><span class='ocrx_word' id='word_1_413' title='bbox 1179 2117 1258 2144; x_wconf 75' lang='lat' dir='ltr'>tates</span> <span class='ocrx_word' id='word_1_414' title='bbox 1277 2112 1493 2144; x_wconf 82' lang='lat' dir='ltr'>transferendi</span> <span class='ocrx_word' id='word_1_415' title='bbox 1514 2111 1690 2154; x_wconf 84' lang='lat' dir='ltr'>pensiones</span> <span class='ocrx_word' id='word_1_416' title='bbox 1712 2110 1912 2150; x_wconf 90' lang='lat' dir='ltr'>huiusmodi,</span> 
     </span>
     <span class='ocr_line' id='line_1_88' title="bbox 1177 2163 1911 2207; baseline -0.003 -11"><span class='ocrx_word' id='word_1_417' title='bbox 1177 2175 1235 2207; x_wconf 87' lang='lat' dir='ltr'>pro</span> <span class='ocrx_word' id='word_1_418' title='bbox 1255 2165 1291 2196; x_wconf 76' lang='lat' dir='ltr'>ea</span> <span class='ocrx_word' id='word_1_419' title='bbox 1316 2169 1405 2206; x_wconf 86' lang='lat' dir='ltr'>parte</span> <span class='ocrx_word' id='word_1_420' title='bbox 1425 2175 1506 2207; x_wconf 87' lang='lat' dir='ltr'>quae</span> <span class='ocrx_word' id='word_1_421' title='bbox 1526 2163 1733 2196; x_wconf 87' lang='lat' dir='ltr'>medictatem</span> <span class='ocrx_word' id='word_1_422' title='bbox 1751 2163 1911 2195; x_wconf 84' lang='lat' dir='ltr'>fructuum</span> 
     </span>
     <span class='ocr_line' id='line_1_89' title="bbox 1177 2216 1908 2256; baseline -0.001 -7"><span class='ocrx_word' id='word_1_423' title='bbox 1177 2218 1273 2249; x_wconf 83' lang='lat' dir='ltr'>etiam</span> <span class='ocrx_word' id='word_1_424' title='bbox 1298 2217 1516 2256; x_wconf 80' lang='lat' dir='ltr'>incertorum,</span> <span class='ocrx_word' id='word_1_425' title='bbox 1543 2218 1592 2250; x_wconf 90' lang='lat' dir='ltr'>vel</span> <span class='ocrx_word' id='word_1_426' title='bbox 1622 2216 1908 2256; x_wconf 86' lang='lat' dir='ltr'>distributionum,</span> 
     </span>
     <span class='ocr_line' id='line_1_90' title="bbox 1178 2269 1908 2313; baseline 0.003 -13"><span class='ocrx_word' id='word_1_427' title='bbox 1178 2275 1338 2312; x_wconf 84' lang='lat' dir='ltr'>quatenus</span> <span class='ocrx_word' id='word_1_428' title='bbox 1363 2281 1460 2313; x_wconf 83' lang='lat' dir='ltr'>super</span> <span class='ocrx_word' id='word_1_429' title='bbox 1494 2270 1558 2303; x_wconf 89' lang='lat' dir='ltr'>iilis</span> <span class='ocrx_word' id='word_1_430' title='bbox 1590 2275 1697 2303; x_wconf 89' lang='lat' dir='ltr'>essent</span> <span class='ocrx_word' id='word_1_431' title='bbox 1719 2269 1908 2313; x_wconf 84' lang='lat' dir='ltr'>impositae,</span> 
     </span>
    </p>
   </div>
   <div class='ocr_carea' id='block_1_13' title="bbox 1176 2364 1908 2579">
    <p class='ocr_par' dir='ltr' id='par_1_24' title="bbox 1176 2364 1908 2446">
     <span class='ocr_line' id='line_1_91' title="bbox 1212 2364 1908 2399; baseline 0 -7"><span class='ocrx_word' id='word_1_432' title='bbox 1212 2367 1221 2392; x_wconf 83' lang='lat'>1</span> <span class='ocrx_word' id='word_1_433' title='bbox 1243 2365 1340 2393; x_wconf 78' lang='lat' dir='ltr'>Confer</span> <span class='ocrx_word' id='word_1_434' title='bbox 1355 2366 1445 2394; x_wconf 83' lang='lat' dir='ltr'>Const.</span> <span class='ocrx_word' id='word_1_435' title='bbox 1462 2373 1541 2393; x_wconf 75' lang='lat' dir='ltr'>xxvnl</span> <span class='ocrx_word' id='word_1_436' title='bbox 1564 2365 1662 2393; x_wconf 85' lang='lat' dir='ltr'>Urbani</span> <span class='ocrx_word' id='word_1_437' title='bbox 1679 2364 1746 2399; x_wconf 90' lang='lat' dir='ltr'>Vlll,</span> <span class='ocrx_word' id='word_1_438' title='bbox 1767 2368 1832 2393; x_wconf 83' lang='lat' dir='ltr'>tom.</span> <span class='ocrx_word' id='word_1_439' title='bbox 1852 2371 1908 2399; x_wconf 83' lang='lat' dir='ltr'>xm,</span> 
     </span>
     <span class='ocr_line' id='line_1_92' title="bbox 1176 2411 1419 2446; baseline 0.008 -10"><span class='ocrx_word' id='word_1_440' title='bbox 1176 2419 1234 2446; x_wconf 81' lang='lat' dir='ltr'>pag.</span> <span class='ocrx_word' id='word_1_441' title='bbox 1251 2411 1303 2437; x_wconf 77' lang='lat'>106</span> <span class='ocrx_word' id='word_1_442' title='bbox 1319 2414 1354 2443; x_wconf 82' lang='lat' dir='ltr'>(n.</span> <span class='ocrx_word' id='word_1_443' title='bbox 1371 2411 1419 2442; x_wconf 79' lang='lat' dir='ltr'>T.l.</span> 
     </span>
    </p>

    <p class='ocr_par' dir='ltr' id='par_1_25' title="bbox 1209 2454 1843 2490">
     <span class='ocr_line' id='line_1_93' title="bbox 1209 2454 1843 2490; baseline 0.003 -10"><span class='ocrx_word' id='word_1_444' title='bbox 1209 2455 1225 2480; x_wconf 74' lang='lat'><strong>2</strong></span> <span class='ocrx_word' id='word_1_445' title='bbox 1240 2455 1268 2481; x_wconf 87' lang='lat' dir='ltr'>In</span> <span class='ocrx_word' id='word_1_446' title='bbox 1284 2455 1341 2481; x_wconf 88' lang='lat' dir='ltr'>loco</span> <span class='ocrx_word' id='word_1_447' title='bbox 1358 2456 1451 2490; x_wconf 86' lang='lat' dir='ltr'>parali.</span> <span class='ocrx_word' id='word_1_448' title='bbox 1469 2455 1532 2490; x_wconf 80' lang='lat' dir='ltr'>legit</span> <span class='ocrx_word' id='word_1_449' title='bbox 1546 2455 1726 2481; x_wconf 65' lang='lat' dir='ltr'>exactionem</span> <span class='ocrx_word' id='word_1_450' title='bbox 1741 2454 1780 2489; x_wconf 77' lang='lat' dir='ltr'>(R.</span> <span class='ocrx_word' id='word_1_451' title='bbox 1795 2454 1843 2488; x_wconf 76' lang='grc' dir='ltr'><strong>Τ.)-</strong></span> 
     </span>
    </p>

    <p class='ocr_par' dir='ltr' id='par_1_26' title="bbox 1209 2498 1761 2533">
     <span class='ocr_line' id='line_1_94' title="bbox 1209 2498 1761 2533; baseline -0.002 -8"><span class='ocrx_word' id='word_1_452' title='bbox 1209 2499 1224 2525; x_wconf 93' lang='grc'><strong>3</strong></span> <span class='ocrx_word' id='word_1_453' title='bbox 1241 2498 1306 2525; x_wconf 80' lang='lat' dir='ltr'>Mate</span> <span class='ocrx_word' id='word_1_454' title='bbox 1322 2499 1386 2525; x_wconf 76' lang='lat' dir='ltr'>edit,</span> <span class='ocrx_word' id='word_1_455' title='bbox 1404 2499 1481 2525; x_wconf 75' lang='lat' dir='ltr'>ittam,</span> <span class='ocrx_word' id='word_1_456' title='bbox 1498 2499 1562 2533; x_wconf 74' lang='lat' dir='ltr'>legit</span> <span class='ocrx_word' id='word_1_457' title='bbox 1576 2501 1644 2525; x_wconf 71' lang='lat' dir='ltr'>esset</span> <span class='ocrx_word' id='word_1_458' title='bbox 1658 2500 1695 2532; x_wconf 76' lang='lat' dir='ltr'>(n.</span> <span class='ocrx_word' id='word_1_459' title='bbox 1712 2500 1761 2532; x_wconf 80' lang='grc' dir='ltr'><strong>Τ.).</strong></span> 
     </span>
    </p>

    <p class='ocr_par' dir='ltr' id='par_1_27' title="bbox 1208 2543 1731 2579">
     <span class='ocr_line' id='line_1_95' title="bbox 1208 2543 1731 2579; baseline 0 -9"><span class='ocrx_word' id='word_1_460' title='bbox 1208 2543 1223 2570; x_wconf 74' lang='grc'>4</span> <span class='ocrx_word' id='word_1_461' title='bbox 1244 2543 1334 2572; x_wconf 79' lang='lat' dir='ltr'>Potius</span> <span class='ocrx_word' id='word_1_462' title='bbox 1353 2545 1411 2579; x_wconf 77' lang='lat' dir='ltr'>lege</span> <span class='ocrx_word' id='word_1_463' title='bbox 1433 2544 1612 2579; x_wconf 59' lang='lat' dir='ltr'>reperiretur</span> <span class='ocrx_word' id='word_1_464' title='bbox 1631 2544 1666 2577; x_wconf 78' lang='lat' dir='ltr'>(R.</span> <span class='ocrx_word' id='word_1_465' title='bbox 1683 2544 1731 2579; x_wconf 82' lang='lat' dir='ltr'>T.).</span> 
     </span>
    </p>
   </div>
  </div>
 </body>
</html>
