2111 3157
25 219 74 246 Αιι.
89 218 119 246 C.
144 217 209 245 1686

53 804 84 826 De
98 805 200 829 senten:-

16 832 97 852 lnribus
133 833 199 855 'serui

16 857 108 880 υκιίὲοἰι.

210 267 368 309 suffragia,
395 267 652 310 subrogationes,
668 266 938 310 praeeminentias

210 326 241 354 et
254 321 423 364 privilegia
437 321 497 353 sibi
513 326 575 353 tam
588 321 619 353 in
633 320 764 364 propria
777 319 941 363 provincia

210 384 304 418 quam
329 374 362 406 in
388 374 506 406 familia
523 375 760 406 ultramontana
778 377 807 406 et
823 372 940 405 Ordine

209 431 280 460 toto
306 426 395 459 iuxta
428 431 547 459 statuta
577 426 684 458 debita
709 436 773 458 non
798 425 940 463 amittat,

208 479 336 523 illisque
362 489 400 512 eo
425 479 521 512 modo
558 479 616 511 frui
648 478 787 522 poterit,
813 488 848 510 ac
873 476 898 509 si
924 487 941 509 a

207 532 341 576 propria
353 532 519 575 provincia
533 542 598 564 non
616 531 772 570 exivisset,
793 530 837 563 sic
856 530 940 562 enim

207 585 396 618 missionum
422 585 609 618 exercitium
635 584 710 616 viris
734 593 868 625 magnae
889 593 941 614 au-

208 638 367 671 ctoritatis
398 642 430 671 et
460 636 680 680 experientiae
704 635 940 674 honorabitur,

208 690 287 734 quin
307 689 440 733 aliquod
459 689 687 722 detrimentum
706 688 739 720 in
760 697 869 720 eorum
888 688 941 720 de-

209 743 293 777 fectu
317 753 375 775 seu
406 741 611 785 reparatione
642 740 758 782 religio
787 740 937 783 patiatur.

253 795 291 828 Et
322 795 408 837 quia,
438 795 513 826 dum
542 793 652 826 decori
683 792 778 835 primi
814 791 941 825 Ordinis

209 847 241 882 S.
268 847 302 880 P.
321 847 358 879 N.
388 846 573 885 Francisci,
602 855 638 877 ac
669 844 784 877 solatio
818 850 848 877 et
877 844 940 886 spi-

209 900 378 934 ritualibus
403 899 589 942 indIgentiis
614 898 745 931 secundi
770 908 828 940 per
853 908 942 940 prae-

210 958 318 988 sentes
338 953 464 985 litteras
490 951 695 990 contulimus,
711 950 796 982 tertii
813 949 940 982 Ordinis

209 1007 249 1040 de
274 1006 477 1050 poenitentia
510 1004 614 1037 eidem
646 1009 755 1036 sancto
782 1003 941 1036 fundatori

207 1059 298 1092 valde
330 1058 476 1091 amabilis
510 1056 655 1090 oblivisci
687 1067 752 1089 non
774 1056 940 1095 debemus,

207 1118 244 1146 ut
262 1112 426 1156 praefatus
461 1111 500 1143 de
526 1110 726 1153 poenitentia
748 1109 943 1142 venerabilis

207 1165 293 1199 Ordo
312 1175 329 1198 a
346 1164 377 1197 S.
397 1164 431 1196 P.
453 1163 490 1196 N.
518 1163 687 1196 Francisco
712 1172 770 1205 pro
795 1162 943 1204 personis

208 1217 379 1260 utriusque
412 1226 507 1249 sexus
538 1216 570 1248 in
602 1216 732 1248 saeculo
762 1215 943 1247 viventibus

208 1270 385 1309 institutus,
406 1274 438 1303 et
457 1280 474 1301 a
498 1269 600 1301 felicis
625 1268 857 1301 recordationis
875 1268 944 1301 Cle-

209 1328 317 1357 mente
342 1322 393 1355 VlI
418 1332 454 1354 ac
476 1322 575 1354 Paulo
599 1321 637 1353 111
662 1321 694 1353 in
726 1326 790 1353 tres
823 1326 942 1360 status,

210 1376 269 1410 sub
293 1377 358 1409 una
382 1375 557 1417 eademque
578 1373 663 1406 tertii
692 1372 819 1406 Ordinis
839 1375 944 1416 appel-

209 1429 342 1469 latione,
363 1433 457 1472 atque
483 1426 673 1460 eorumdem
691 1426 943 1469 privilegiorum,

210 1482 401 1525 gratiarum,
428 1479 697 1518 concessionum,
727 1479 945 1520 indulgentia-

209 1544 280 1568 rum
297 1539 329 1567 et
353 1534 498 1566 favorum
523 1531 829 1570 communicatione,
847 1541 881 1563 ac
898 1542 945 1564 so-

209 1589 275 1622 lum
299 1587 359 1620 sub
385 1585 520 1619 diversis
542 1585 668 1617 statutis
692 1585 868 1617 secundum
893 1595 945 1617 cu-

210 1640 342 1674 iuslibet
365 1643 465 1672 status
490 1638 684 1680 exigentiam
706 1637 825 1669 divisus
842 1664 849 1677 ,
880 1649 946 1670 ma-

211 1693 259 1736 gis
284 1693 317 1725 in
342 1692 410 1725 dies
436 1697 602 1733 augeatur,
623 1695 653 1723 et
678 1690 724 1723 illi
750 1690 863 1730 sancti,
881 1691 943 1733 qui,

210 1752 245 1779 ut
270 1746 308 1778 ab
333 1745 447 1778 eodem
465 1744 563 1777 Paulo
580 1743 613 1775 in
638 1753 695 1776 suo
719 1743 811 1776 Brevi
833 1744 945 1775 Trium

210 1803 355 1832 statuum
374 1798 550 1840 incipiente
576 1796 725 1835 refertur,
742 1807 802 1840 pro
828 1797 944 1829 sanctis

211 1851 286 1886 dicti
322 1850 452 1884 Ordinis
489 1855 722 1889 recensentur,
754 1850 946 1893 sequacibus

210 1905 243 1938 in
267 1905 430 1939 Indiarum
463 1908 495 1937 et
529 1903 627 1936 totius
657 1902 743 1936 orbis
778 1904 945 1937 christiani

210 1958 355 2004 partibus
383 1968 449 1991 non
481 1962 636 1997 careant,
668 1967 704 1989 ac
733 1961 769 1989 ut
799 1959 946 2001 exemplo

210 2021 422 2056 personarum
447 2011 506 2043 sub
523 2010 636 2052 regula
659 2009 793 2053 praefati
819 2009 945 2043 Ordinis

210 2064 385 2099 viventium
431 2062 576 2096 fidelium
618 2073 726 2095 mores
761 2063 943 2096 reformen-

211 2123 275 2159 tur,
307 2118 424 2150 virtute
456 2115 722 2149 constitutionum
755 2116 947 2158 apostolica-

210 2181 291 2211 rum,
311 2181 329 2204 a
345 2169 516 2203 Sanctitate
542 2169 714 2202 Alexandri
730 2167 798 2202 Vl1¹
820 2168 851 2201 in
877 2169 947 2212 qui-

210 2225 347 2259 busdam
364 2223 482 2258 litteris
509 2223 639 2265 Empom·
665 2222 757 2254 nobis
788 2222 946 2265 incipien-

213 2278 306 2319 tibus,
332 2278 383 2311 die
407 2286 503 2310 xxviu
530 2275 598 2308 iulii
622 2285 753 2308 unctvn
778 2275 869 2315 datis,
894 2286 947 2319 ap-

211 2332 441 2377 probaturum,
473 2339 553 2372 quas
586 2328 771 2371 praedictus
802 2328 945 2361 Pontifex

211 2387 274 2418 una
290 2394 362 2417 cum
379 2382 507 2416 Ordinis
532 2381 659 2414 statutis
676 2381 835 2413 observari
854 2392 947 2424 prae-

174 2460 178 2463 «
211 2436 308 2482 cepit,
334 2435 520 2480 praedictos
544 2433 734 2467 missionum
765 2434 946 2467 commissa-

212 2490 275 2534 rios
290 2494 321 2523 et
333 2488 580 2523 seminariorum
595 2486 797 2530 guardianOS,
812 2497 849 2519 ac
864 2487 944 2520 alios

212 2541 434 2578 missionarios
459 2541 498 2574 ab
523 2540 601 2584 ipsis
626 2539 836 2573 destinandos
885 2549 944 2572 au-

246 2607 258 2634 ¹
280 2604 351 2633 Edit.
370 2604 449 2632 main.
470 2603 534 2639 legit
556 2602 628 2630 vm
643 2602 682 2636 (a.
702 2601 752 2638 r.).=
850 2588 856 2597 ’

293 2659 368 2688 Butz.
389 2659 471 2687 Rom.
493 2674 526 2679 —-
550 2658 609 2686 Vol.
630 2657 703 2684 XIX.
847 2656 880 2684 88

802 217 1011 242 INNOCENTIUS
1035 219 1064 241 XI
1091 218 1138 240 Pr.

985 265 1104 308 ginenti
1131 265 1207 299 dicti
1225 265 1353 298 Ordinis
1372 264 1602 297 sollicitatores
1626 264 1716 296 insti-

984 319 1111 353 tuimus.
1127 318 1238 362 eisque
1253 318 1432 361 recipiendi
1447 316 1558 350 fideles
1575 317 1716 349 adhunc

983 371 1135 405 Ordinem
1154 372 1292 411 tertium,
1308 371 1460 413 illiusque
1478 369 1716 413 professionem

985 430 1015 457 et
1032 425 1264 458 exactissimam
1283 425 1422 466 regulae,
1437 424 1522 456 iuxta
1538 423 1716 466 praemissa

984 483 1100 510 statuta
1118 488 1153 510 ac
1181 478 1307 511 Ordinis
1332 476 1575 510 constitutiones
1594 476 1625 508 in
1644 487 1717 519 spe-

984 531 1056 562 culo
1081 530 1252 572 serapliico
1278 535 1447 562 contentas
1472 533 1504 561 et
1527 528 1714 571 explicatas,

984 583 1149 624 sequelam
1170 587 1201 616 et
1225 582 1474 621 observantiam,
1496 581 1718 614 omnimodam

984 634 1168 668 facultatem
1189 635 1409 678 impartimur;
1429 634 1583 677 ipsaeque
1599 634 1719 667 utrius-

985 698 1046 730 que
1072 698 1163 720 sexus
1196 697 1365 730 personae,
1390 688 1429 719 ad
1459 692 1575 719 statum
1599 687 1659 719 sibi
1685 687 1718 719 in

985 740 1069 772 dicto
1083 739 1201 772 Ordine
1221 740 1315 772 tertio
1331 739 1641 781 correspondentem
1661 739 1718 771 sub

985 792 1084 825 forma
1109 793 1286 835 praemissa
1311 792 1478 831 admissae,
1499 791 1623 823 cunetis
1649 801 1721 833 gra*

985 845 1046 885 tiis,
1061 845 1272 887 indulgentiis
1293 850 1324 877 et
1349 844 1612 877 concessionibus
1633 844 1719 876 dicto

984 898 1093 931 Ordini
1114 898 1207 930 tertio
1237 907 1255 930 a
1274 897 1389 930 Sancta
1413 896 1494 929 Sede
1519 901 1553 928 ut
1577 896 1722 938 praefer-

986 956 1036 983 tur
1060 950 1151 983 factis
1177 956 1208 983 et
1232 949 1374 992 elargitis
1406 959 1508 992 aeque
1542 949 1601 981 frui
1632 954 1722 991 pote-

985 1008 1069 1043 runt,
1087 1013 1123 1036 ac
1147 1003 1209 1036 illis
1234 1013 1393 1046 personae
1419 1003 1500 1035 aliae
1528 1002 1605 1035 dicti
1630 1001 1723 1035 Ordi-

986 1057 1034 1090 nis
1063 1057 1108 1089 uti
1144 1067 1180 1089 ac
1214 1056 1310 1099 potiri
1345 1056 1456 1089 valent
1488 1060 1520 1088 et
1552 1065 1723 1088 consueve-

987 1115 1071 1142 runt.
1099 1109 1240 1142 Ulterius
1267 1114 1330 1142 tam
1356 1108 1457 1151 ipsius
1483 1108 1568 1141 tertii
1582 1107 1721 1147 Ordinis,

987 1174 1081 1206 quam
1106 1162 1177 1196 aliis
1200 1162 1368 1205 utriusque
1386 1172 1481 1194 sexus
1499 1165 1630 1194 nostrae
1649 1161 1724 1193 obe-

988 1216 1126 1249 dientiae
1156 1227 1212 1249 seu
1238 1215 1408 1248 directioni
1434 1214 1588 1247 subiectis
1619 1223 1724 1257 perso-

987 1270 1044 1308 nis,
1064 1269 1148 1301 intra
1165 1275 1195 1301 et
1216 1274 1303 1301 extra
1318 1268 1490 1301 seminaria
1510 1267 1654 1311 praefata
1671 1267 1725 1300 de-

988 1321 1148 1363 gentibus,
1164 1321 1194 1353 in
1220 1321 1355 1354 Domino
1381 1321 1570 1359 suademus,
1596 1324 1631 1352 ut
1655 1319 1742 1362 viae

988 1375 1090 1407 crucis
1115 1385 1241 1416 gressus
1262 1380 1293 1406 et
1310 1375 1457 1407 devotam
1483 1373 1610 1405 illorum
1635 1382 1724 1414 gres-

988 1438 1080 1459 suum
1117 1426 1362 1459 meditationem
1400 1435 1488 1458 more
1527 1426 1623 1458 solito
1655 1425 1721 1458 fre-

989 1484 1153 1522 quentent,
1175 1484 1272 1522 atque
1293 1484 1366 1511 ante
1386 1480 1435 1512 vel
1460 1483 1536 1522 post
1551 1478 1725 1512 cuiuslibet

988 1532 1208 1566 meditationis
1226 1533 1384 1565 morulam
1408 1536 1583 1565 consuetae
1599 1531 1652 1564 SS.
1672 1531 1726 1564 Sa-

989 1585 1143 1617 cramenti
1170 1584 1316 1617 stationis
1337 1584 1502 1617 orationes
1528 1583 1676 1622 recitent,
1692 1588 1728 1616 ut

990 1637 1214 1679 indulgentias,
1237 1648 1319 1680 quae
1345 1647 1363 1669 a
1386 1632 1502 1669 Sancta
1528 1636 1610 1669 Sede
1635 1646 1727 1668 revo-

990 1696 1077 1722 catae
1103 1700 1169 1723 non
1194 1690 1322 1729 fuerint,
1343 1681 1448 1722 media
1468 1690 1527 1722 hac
1545 1688 1728 1731 diligentia-

989 1754 1058 1776 rum
1095 1736 1369 1783 commutatione,
1405 1742 1492 1774 iuxta
1529 1752 1728 1775 summorum

991 1796 1177 1830 Pontificum
1203 1795 1442 1835 concessiones,
1467 1805 1581 1828 secure
1605 1794 1724 1828 lucrari

990 1851 1116 1883 valeant
1140 1854 1172 1882 et
1195 1849 1333 1892 possint.

1036 1903 1200 1935 Postremo
1236 1902 1386 1935 omnibus
1424 1901 1613 1935 missionum
1639 1911 1727 1934 com-

991 1956 1156 1996 missariis,
1183 1966 1219 1989 ac
1242 1956 1459 1998 collegiorum
1486 1955 1639 1987 fratribus
1664 1959 1728 1988 tam

991 2009 1128 2042 subditis
1155 2008 1504 2052 quamsssuperioribus
1538 2008 1649 2041 stricte
1681 2009 1729 2041 in-

990 2063 1165 2104 iungimus,
1189 2067 1224 2094 ut
1250 2062 1283 2094 in
1308 2062 1458 2095 omnibus
1492 2071 1527 2094 se
1558 2061 1615 2094 Dei
1639 2061 1730 2094 mini-

990 2120 1087 2155 stros,
1115 2114 1349 2158 discipulorum
1380 2113 1508 2147 Domini
1541 2119 1727 2154 sectatores,

990 2168 1212 2201 observantiae
1244 2172 1373 2200 sanctae
1406 2168 1564 2206 alumnos,
1595 2166 1729 2200 Sancto-

990 2232 1058 2253 rum
1083 2220 1212 2253 Ordinis
1238 2220 1428 2259 imitatores,
1451 2225 1482 2253 et
1506 2220 1607 2253 sancti
1629 2220 1728 2263 patris

990 2272 1089 2307 nostri
1126 2273 1289 2305 Francisci
1329 2272 1438 2305 eximii
1477 2272 1605 2305 ardoris
1644 2271 1728 2306 filios

989 2326 1179 2369 perenniter
1204 2325 1384 2365 ostendant,
1406 2330 1437 2358 et
1461 2325 1533 2357 usui
1558 2326 1729 2368 pauperri-

989 2390 1041 2412 mo
1066 2389 1173 2412 rerum
1198 2378 1502 2421 indispensabiliter
1527 2378 1726 2421 mancipent,

989 2439 1090 2476 utque
1123 2433 1255 2466 illorum
1285 2432 1445 2465 librorum
1477 2442 1537 2464 usu
1568 2431 1633 2464 sint
1657 2442 1729 2464 con-

990 2487 1076 2527 tenti,
1104 2497 1183 2530 quos
1208 2496 1318 2519 secum
1343 2486 1376 2518 in
1401 2485 1572 2518 missiones
1598 2490 1728 2527 portare

988 2539 1207 2573 necessarium
1226 2544 1258 2572 et
1280 2538 1469 2571 inevitabile
1495 2537 1725 2578 iudicaverint;

962 2604 967 2635 Ι
989 2598 1015 2633 si
1037 2597 1145 2628 autem
1170 2593 1251 2628 alios
1278 2603 1295 2626 a
1311 2591 1577 2627 benefactoribus
1594 2601 1729 2635 recepe-

1609 206 1673 239 o97
1712 197 1768 241 an.
1786 213 1815 241 c.
1836 213 1906 242 1686

1765 1908 1895 1930 Admonitio.
