2111 3157
67 223 120 250 An.
140 221 168 249 C.
189 221 253 250 teat

255 270 429 305 dexteritas
449 271 480 303 in
505 271 726 314 superioribus
744 271 933 314 requiritur,
952 275 987 302 ut

231 332 236 338 ·
255 325 448 357 revelantem
473 325 511 357 ad
532 326 715 358 sectandam
741 324 895 357 maiorem
913 333 986 366 per-

253 376 426 409 fectionem
450 377 482 409 in
507 377 693 410 fortitudine
718 376 847 419 spiritus
873 375 985 408 excita-

251 434 317 461 tum
336 439 410 461 cum
426 429 647 462 consolatione
665 428 839 461 dimittant.

113 491 142 512 nn
164 492 239 512 noum
293 490 344 514 xc.
370 480 526 518 Quantum
551 481 618 514 sieri
643 486 767 523 potest,
799 478 983 522 superiores

70 519 344 566 e2÷i=³21⁰a's³‘'¹¹¹'¹²³'huius
369 533 525 566 clericalis
544 533 680 565 instituti
700 532 848 565 notitiam
866 531 905 564 de
919 532 983 562 sin-

249 586 341 628 gulis,
368 591 401 618 et
425 586 464 618 de
490 585 588 618 totius
608 590 709 618 status
733 584 980 622 constitutione,

247 638 383 681 provide
408 638 495 671 omni
519 643 666 680 tempore
691 637 810 670 callere
835 641 980 678 oportet:

246 701 309 733 qua
332 690 459 723 ratione
484 690 603 732 singuli
628 689 667 721 ad
692 687 904 722 obtinendam
929 697 981 719 ae-

242 749 369 775 ternam
393 742 550 783 satutem,
570 747 601 775 et
625 746 726 773 status
752 746 838 773 totus
862 740 902 772 ad
927 740 981 772 de-

244 795 344 828 bitam
374 805 465 828 suam
497 794 748 837 perfectionem,
782 802 877 835 quam
905 803 981 825 con-

243 847 470 891 gruentissime
496 847 664 890 dirigatur.
698 846 733 879 In
765 845 850 878 hunc
882 845 979 879 tinem

244 900 380 944 quilibet
403 899 564 943 superior,
591 905 653 932 tam
676 909 737 943 pro
762 898 977 941 spiritualium

242 964 351 987 rerum
363 965 459 997 quam
474 952 700 997 temporalium
714 952 892 986 directione
907 961 978 985 con·

243 1006 384 1047 stitutus,
402 1006 525 1039 notabit
550 1016 587 1039 ea
611 1015 693 1048 quae
718 1004 978 1038 consideratione

244 1058 343 1102 digna
378 1058 516 1091 fuerint:
551 1058 669 1092 deinde
705 1058 804 1090 totius
839 1056 977 1090 instituti

243 1121 373 1155 praeses
408 1121 466 1154 pro
497 1111 580 1144 felici
618 1110 855 1153 gubernatione
883 1118 979 1142 nosse

244 1165 343 1198 debet
357 1165 558 1208 singulorum
576 1164 776 1197 districtuum
793 1168 920 1204 statum,
934 1163 978 1196 uti

245 1217 347 1251 etalii
366 1218 552 1260 superiores
569 1217 732 1250 districtus
757 1216 806 1249 sui
831 1216 979 1250 notitiam

243 1270 421 1303 habebunt.
442 1269 476 1302 ln
492 1269 578 1303 hunc
602 1269 701 1303 finem
726 1268 911 1312 superiores
933 1269 979 1302 in-

244 1323 372 1356 ferioris
403 1322 526 1356 ordinis
554 1322 728 1355 maioribus
753 1321 978 1365 superioribus

245 1377 284 1410 de
308 1376 458 1420 personis
476 1375 536 1408 sibi
555 1375 691 1408 subditis
716 1375 858 1409 debitam
882 1374 979 1408 intor-

243 1429 421 1463 mationem
457 1428 554 1471 certis
589 1427 793 1471 temporibus
830 1426 976 1468 dabunt;

244 1482 369 1516 scilicet
386 1481 571 1526 superiores
591 1480 840 1514 seminariorum
857 1480 897 1513 de
914 1480 980 1513 suis

245 1535 424 1575 studiosis,
459 1533 505 1567 uti
542 1539 574 1567 et
609 1533 792 1577 superiores
823 1532 979 1566 domuum

245 1587 451 1622 emeritorum
469 1587 509 1620 de
526 1586 676 1630 personis
700 1586 821 1619 ibidem
846 1586 980 1619 existen-

245 1642 339 1681 tibus,
357 1640 542 1684 superiores
558 1638 762 1674 districtuum
776 1638 978 1672 decaualium

245 1695 286 1728 de
303 1693 453 1737 personis
477 1693 525 1725 sui
550 1691 723 1733 districtus,
745 1697 777 1725 et
796 1691 841 1725 sic
856 1702 917 1735 per
934 1702 981 1724 or-

247 1748 368 1781 dinem.

88 1805 236 1836 0=d1⁰·¹¹⁰¹¹,⁰·
289 1809 352 1833 xm.
369 1799 410 1833 Ut
424 1797 636 1832 communitas
654 1799 815 1832 bonorum
833 1808 906 1831 cum
920 1807 982 1830 ma·

55 1839 92 1860 ΡΝ
107 1837 236 1854 aeonum..
247 1852 309 1886 iori
327 1853 432 1885 fructu
445 1851 606 1885 Ecclesiae
623 1850 818 1891 Catholicae,
835 1861 871 1883 ac
890 1860 981 1893 prae-

248 1906 359 1940 sertim
376 1905 464 1945 eleri,
486 1904 666 1938 executioni
683 1904 751 1937 dari
770 1903 878 1946 possit,
896 1909 928 1936 et
947 1909 982 1935 ut

249 1959 358 1993 omnia
388 1958 482 1991 huius
512 1956 649 1991 instituti
674 1957 817 1990 membra
841 1950 980 1995 videant,

249 2022 286 2045 ac
315 2022 349 2045 re
374 2010 443 2055 ipsa
466 2009 695 2053 experiantur,
720 2009 823 2052 quod,
852 2015 983 2052 praeter

250 2066 374 2099 bonum
399 2065 432 2097 in
456 2064 553 2097 rebus
577 2069 609 2096 et
627 2061 983 2105 exercitiis-spirituali-

251 2118 312 2151 bus
336 2117 494 2157 ordinem,
512 2116 607 2150 etiam
633 2114 859 2159 temporalium
883 2115 984 2148 admi-

252 2167 501 2204 nistrationem¹
526 2168 559 2201 in
583 2167 733 2201 omnibus
749 2195 758 2207 ,
783 2167 890 2210 quoad
913 2167 983 2200 sieri

251 2228 379 2267 potest,
405 2221 553 2255 ordinate
582 2220 757 2263 procedat,
783 2220 985 2262 singulorum

252 2275 399 2308 locorum
423 2272 593 2307 oeconomi
612 2282 682 2306 eam
706 2272 739 2304 in
763 2272 985 2305 administran-

254 2324 303 2362 dis
316 2327 413 2361 rebus
428 2325 661 2369 temporalibus
675 2322 849 2358 adhibeant
861 2333 983 2366 curam,

253 2384 290 2413 ut
312 2379 429 2413 merito
454 2378 571 2422 singuli
596 2383 731 2421 propter
749 2377 871 2410 bonum
888 2376 921 2409 in
942 2387 987 2410 re-

254 2432 315 2466 bus
340 2432 488 2466 omnibus
522 2429 672 2464 ordinem
708 2440 745 2463 ex
777 2429 885 2463 animo
916 2430 988 2463 lae-

257 2490 377 2519 tentur.

301 2548 375 2572 xcii.
399 2538 434 2572 In
458 2538 545 2572 hunc
574 2536 671 2571 finem
701 2540 766 2570 tam
789 2535 987 2580 superiores,

278 2600 307 2643 ‚⁷¹
328 2598 419 2628 Potius
437 2599 495 2636 lege
511 2599 728 2628 administratio
746 2598 785 2634 (a.
801 2599 850 2632 τ.).

836 222 1048 248 iNNOCENTms
1069 223 1101 247 xi
1124 209 1174 248 mi.

1656 211 1721 244 557
1766 220 1819 247 An.
1841 219 1869 247 c.
1888 220 1954 247 icet

1029 280 1124 313 quam
1140 271 1403 304 oeconomiarum
1421 269 1711 307 administratores,
1729 273 1761 300 et

1028 323 1221 365 quicumque
1246 323 1356 366 aliquo
1380 323 1477 355 modo
1502 332 1610 355 rerum
1635 327 1755 363 tempo-

1027 375 1141 407 ralium
1161 385 1268 408 curam
1294 375 1423 414 liabent,
1448 376 1563 417 magna
1586 376 1660 406 cura
1688 383 1759 417 pro-

1026 426 1232 470 videntiaque
1264 427 1561 469 circumspicientes
1591 426 1759 459 attendant

1026 484 1089 511 tam
1113 480 1151 511 ad
1177 479 1326 512 subditos
1351 490 1425 512 suos
1450 490 1546 522 quam
1571 479 1610 512 ad
1627 478 1757 511 univer-

1025 540 1079 563 sae
1097 532 1309 564 oeconomiae
1326 532 1652 571 administrationem,
1670 541 1757 564 eum-

1024 593 1086 625 que
1118 583 1151 615 in
1180 585 1293 616 eadem
1318 585 1467 617 ordinem
1492 589 1678 617 constanter
1701 584 1759 616 ob·

1024 645 1154 668 servare
1186 642 1352 678 satagant,
1375 642 1410 669 ut
1434 647 1471 669 ex
1504 637 1558 669 illa
1578 636 1755 679 unicuique

1022 687 1132 720 omnia
1155 698 1220 721 non
1246 690 1352 721 solum
1383 689 1423 722 ad
1448 689 1670 722 necessitatem
1699 689 1756 721 sed

1023 739 1119 772 etiam
1151 741 1190 772 ad
1221 740 1467 774 convenientem
1498 741 1755 774 commoditatem

1022 791 1263 831 ministrentur,
1289 793 1397 836 itaque
1422 803 1551 834 omneS‚
1581 794 1635 836 qui
1660 793 1755 827 simul

1023 844 1180 884 habitant,
1199 845 1314 878 exinde
1332 846 1584 879 satisfactionem
1601 846 1751 879 habeant.

1064 907 1155 931 xcm.
1182 898 1230 931 Ad
1254 899 1464 932 obtinendam
1489 899 1687 942 praedictam
1705 899 1755 933 ad-

1022 950 1290 984 ministrationem
1315 951 1523 985 domesticam
1553 957 1696 995 spectat,
1722 957 1756 984 ut

1022 1003 1222 1046 singularum
1255 1004 1442 1037 huiusmodi
1475 1014 1586 1037 rerum
1618 1004 1755 1038 admini-

1022 1056 1193 1089 strationes
1217 1057 1262 1089 ita
1286 1056 1478 1096 dividantur,
1496 1062 1669 1099 quatenus,
1688 1068 1754 1091 me-

1022 1108 1129 1142 diante
1153 1109 1418 1143 subordinatione
1443 1109 1623 1143 officiorum
1639 1121 1656 1143 a
1674 1120 1754 1144 sum·

1022 1170 1073 1193 mo
1097 1171 1201 1204 usque
1217 1162 1257 1195 ad
1277 1162 1431 1203 infimum,
1454 1162 1574 1205 singuli
1591 1162 1624 1196 in
1640 1163 1753 1196 ordine

1022 1224 1058 1246 ac
1081 1223 1219 1247 munere
1249 1224 1307 1248 suo
1336 1215 1398 1248 rite
1422 1216 1638 1258 praestando,
1664 1216 1753 1248 omni

1022 1272 1184 1310 tempore,
1211 1267 1453 1307 contineantur,
1480 1272 1513 1300 et
1539 1268 1752 1301 ordinationis

1022 1329 1097 1352 suae
1115 1319 1332 1353 directionem
1348 1330 1366 1352 a
1383 1320 1604 1362 superioribus
1616 1320 1753 1363 capiant.

1064 1382 1147 1406 xciv.
1167 1371 1334 1407 OEconomi
1351 1372 1476 1415 seipsos
1491 1373 1562 1405 aliis
1579 1383 1644 1406 non
1662 1383 1755 1416 prae-

1022 1426 1178 1465 ferenteS,
1203 1435 1240 1458 ac
1256 1425 1364 1468 potius
1389 1425 1423 1457 in
1447 1425 1597 1459 omnibus
1622 1436 1681 1469 per
1705 1425 1755 1458 ab·

1021 1478 1229 1521 negationem
1253 1478 1303 1510 sui
1335 1477 1518 1521 exemplum
1543 1477 1753 1521 praebentes,

1022 1531 1065 1564 ita
1089 1541 1162 1564 cum
1186 1530 1256 1564 aliis
1281 1531 1485 1564 unilbrmiter
1502 1540 1560 1574 per
1584 1531 1693 1564 omnia
1708 1532 1755 1565 vi-

1022 1590 1112 1624 vant,
1137 1590 1173 1617 ut
1196 1585 1280 1617 intra
1305 1594 1433 1625 omnes,
1452 1583 1492 1617 ab
1517 1583 1628 1617 infimo
1652 1594 1755 1628 usque

1021 1638 1061 1672 ad
1079 1647 1253 1678 summum,
1273 1637 1390 1670 amoris
1405 1663 1412 1677 ‚
1437 1636 1535 1680 pacis,
1559 1642 1686 1670 mutuae
1712 1637 1758 1670 di·

1021 1690 1170 1724 lectionis
1195 1694 1228 1723 et
1251 1690 1383 1723 unitatis
1402 1689 1562 1724 vinculum
1586 1689 1757 1732 integerri-

1022 1753 1072 1776 me
1106 1747 1337 1783 conservetur,
1372 1742 1446 1775 dum
1481 1751 1593 1775 omnes
1618 1741 1757 1785 (ceteris

1022 1795 1176 1839 paribus)
1211 1805 1248 1828 ex
1283 1795 1450 1838 praedicta
1481 1804 1588 1827 rerum
1614 1794 1758 1828 omnium

1024 1847 1239 1881 uniformitate
1264 1857 1297 1880 se
1323 1856 1396 1880 vere
1420 1856 1480 1890 pro
1504 1845 1578 1879 filiis
1596 1852 1628 1880 ct
1648 1847 1771 1893 dome·¹
1798 1877 1803 1886 ,

1023 1900 1111 1932 stieis
1137 1900 1248 1933 haberi
1272 1899 1441 1932 manifeste
1472 1899 1733 1942 deprehendunt.
1767 1896 1779 1931 s*

1066 1962 1137 1986 xcv.
1164 1951 1254 1990 Quod
1279 1952 1304 1984 si
1329 1951 1497 1994 contingat
1520 1952 1662 1994 aliquem
1686 1961 1757 1984 esse

1025 2006 1193 2040 debilioris
1219 2005 1469 2048 complexionis,
1497 2004 1695 2047 superiores,
1719 2004 1760 2037 il-

1025 2059 1086 2092 lius
1103 2057 1281 2091 infirmitati
1297 2062 1431 2101 paterne
1448 2057 1758 2096 condescendentes,

1025 2111 1174 2145 eumdem
1199 2121 1271 2144 cum
1301 2119 1461 2143 consensu
1496 2108 1760 2143 reverendissimi

1026 2163 1189 2197 Ordinarii
1211 2163 1244 2196 in
1261 2163 1416 2206 parochia
1434 2163 1483 2196 vel
1500 2162 1685 2195 conditione
1703 2162 1761 2195 ali-

1028 2219 1110 2260 qua,
1136 2216 1190 2249 ubi
1222 2226 1294 2249 cum
1319 2215 1407 2249 socio
1432 2215 1611 2248 secundum
1635 2215 1759 2258 aliquas

1027 2270 1272 2304 commoditates
1303 2269 1365 2302 sibi
1397 2268 1595 2301 necessarias
1620 2278 1761 2301 commo-

1029 2324 1101 2356 dius
1135 2323 1241 2356 vivere
1276 2323 1402 2365 possit,
1438 2321 1556 2364 exponi
1589 2322 1759 2354 curabunt.

1030 2375 1213 2410 Universim
1233 2385 1309 2418 erga
1326 2384 1400 2407 suos
1418 2374 1450 2407 in
1473 2373 1713 2407 infirmitatibus
1732 2379 1764 2407 et

1030 2429 1100 2463 aliis
1125 2428 1249 2461 casibus
1281 2428 1443 2461 humanae
1479 2427 1678 2460 necessitatis
1709 2438 1764 2460 au·

1031 2482 1108 2515 steri
1133 2491 1199 2514 non
1223 2481 1368 2521 existant,
1386 2480 1443 2513 sed
1461 2480 1562 2523 magis
1579 2489 1639 2524 per
1658 2480 1766 2513 omnia

1032 2536 1150 2568 iisdem
1174 2534 1406 2578 compatientes
1431 2544 1464 2567 se
1488 2543 1562 2566 vere
1587 2538 1620 2566 et
1642 2533 1766 2575 cordia-

1033 2589 1109 2623 liter
1133 2587 1340 2631 charitativos
1364 2587 1546 2621 exhibeant.
