2111 3157
126 225 179 267 Aa.
201 239 231 266 c.
251 218 317 265 icas

156 2353 227 2375 Novae
235 2355 311 2376 consti·

131 2381 230 2402 iunones.

321 286 370 320 nis
387 287 511 329 agentis
528 286 768 320 Bartliolomaei
782 285 995 319 Ilultzliauser
1008 286 1054 317 in-

322 339 476 373 choatum
492 341 596 373 suerat
610 350 721 373 eorum
739 339 934 378 institutum,
950 338 1051 381 quod,

321 393 386 426 Deo
404 393 595 436 opitulante,
614 393 645 425 in
667 392 735 426 dies
756 392 835 425 adeo
853 396 1050 428 excreverat,

320 450 357 478 ut
379 456 445 479 non
470 451 592 479 tantum
617 456 635 478 a
657 445 762 478 bonae
798 444 971 478 memoriae
1008 443 1054 475 lo—

321 510 404 533 anne
424 499 587 542 Philippo,
606 499 681 531 dum
695 497 787 537 vixit,
805 496 1053 539 archiepiscopo

321 551 507 594 Moguntino
522 551 603 583 sacri
615 550 748 583 Romani
762 548 889 591 Imperii
904 548 1052 591 principe

323 605 466 637 electore
485 630 492 643 ,
523 603 579 636 sed
612 603 706 635 ctiam
740 602 779 634 ab
811 601 881 634 aliis
904 600 1051 643 pluribus

321 655 575 699 archiepiscopis
607 661 638 688 et
673 654 835 698 episcopis
871 654 903 685 in
939 663 1052 685 corum

321 708 488 741 dioeceses
505 712 670 751 receptum
685 713 717 740 ct
729 717 877 750 expresse
895 706 1052 749 approba-

320 765 386 793 tum
408 760 578 801 extitisset3
596 766 628 793 et
652 760 684 792 in
709 759 821 792 eadem
846 758 1049 802 expositione

319 813 489 846 subiuncto
514 812 602 856 quod
636 812 817 845 institutum
853 811 1049 854 praedictum

319 865 386 898 sub
402 865 585 898 immediata
615 865 839 898 iurisdictione
863 863 1050 897 Ordinario-

318 927 387 951 rum
412 928 449 952 ac
472 918 648 952 directione
672 918 767 950 unius
798 916 939 960 supremi
960 913 1073 959 prae-i

319 970 413 1012 sidis,
446 977 545 1014 prout
579 971 655 1004 dicti
696 976 894 1014 exponentes
929 970 1048 1002 eisdem

319 1023 486 1064 suberant,
508 1024 679 1056 salubriter
703 1024 907 1063 ordinatum,
933 1033 967 1055 ac
993 1032 1051 1065 pro

319 1075 402 1109 felici
427 1076 572 1120 ipsorum
603 1076 833 1120 exponentium
859 1081 890 1108 ct
913 1075 1049 1108 instituti

318 1128 502 1162 huiusmodi
542 1129 722 1162 directione
753 1131 905 1172 rectaque
944 1129 1052 1162 iuven-

320 1181 397 1214 tutis
413 1175 593 1215 istilatione
606 1183 784 1215 nonnullae
803 1181 1052 1214 constitutiones

320 1233 420 1267 iactae
438 1234 597 1268 suerunt¹:
611 1245 676 1276 nos,
692 1235 985 1278 supplicationibus
1003 1246 1053 1267 eo-

319 1287 466 1320 rumdem
491 1288 683 1320 clericorum
701 1288 912 1320 saecularium
932 1294 963 1320 et
980 1288 1052 1321 alio·

317 1349 388 1373 11111]
414 1341 544 1374 nomine
569 1341 664 1374 nobis
689 1351 785 1384 super
804 1341 866 1373 hoc
887 1341 1054 1373 humiliter

318 1393 475 1436 porrectis
489 1393 646 1434 inclinati,
659 1394 838 1426 institutum
852 1394 1051 1436 praedictum

319 1446 378 1478 sub
410 1447 594 1480 immediata
625 1447 846 1480 iurisdictione
872 1446 1054 1479 Ordinario-

319 1509 390 1532 rum
415 1506 448 1534 et
471 1500 647 1534 directione
673 1501 768 1533 unius
785 1500 947 1543 generalis
966 1511 1053 1544 prae-

320 1552 409 1593 sidis,
434 1564 470 1586 ae
500 1554 749 1586 constitutiones
781 1554 953 1597 praefatas,
986 1559 1052 1586 toto

320 1606 449 1639 illarum
474 1611 587 1639 tenore
611 1606 746 1646 inserto,
765 1607 952 1639 auctoritate
978 1617 1054 1649 apo-

321 1659 434 1692 stolica
457 1660 682 1692 confirmamus
701 1666 732 1692 et
747 1660 994 1702 approhamus²‚
1018 1670 1054 1692 ac

321 1712 443 1745 eisdem
461 1712 590 1745 clericis
608 1712 825 1747 saecularibus
842 1713 920 1745 alias
939 1713 1054 1745 consti-

322 1764 464 1797 tutiones
489 1765 662 1808 praedictis
692 1776 757 1797 non
790 1764 966 1798 contrarias
995 1765 1077 1807 pro}

321 1817 479 1861 spirituali
520 1817 753 1860 temporalique
798 1817 872 1849 dieti
918 1817 1053 1849 instituti

322 1868 498 1903 directione
523 1871 562 1902 ab
588 1871 647 1903 hac
678 1872 788 1902 sancta
811 1869 893 1902 Sede
917 1876 1055 1913 postmo-

322 1923 396 1956 dum
421 1923 647 1966 approbandas
676 1923 836 1955 condendi
869 1924 1053 1957 facultatem

320 1975 475 2019 impertiti
490 1986 608 2016 sumus,
621 1981 652 2008 et
668 1976 866 2018 alifis,prout
883 1975 914 2007 in
935 1975 1055 2008 nostris

322 2027 459 2071 desuper
482 2028 514 2060 in
540 2028 634 2061 simili
661 2028 762 2061 forma
786 2028 894 2061 Brevis
928 2028 979 2061 die
1012 2040 1053 2062 ru

321 2081 401 2113 iunii
425 2091 569 2114 MDCLxxx
595 2081 752 2124 expeditis
776 2081 902 2122 litteris,
922 2092 1054 2125 quarum

322 2138 466 2166 tenorem
483 2134 711 2176 praesentibus
727 2144 786 2176 pro
807 2135 903 2177 plene
922 2139 953 2166 et
974 2134 1055 2166 suili-

322 2186 445 2220 cienter
470 2197 624 2230 expresso
657 2197 693 2219 ac
724 2187 763 2220 de
788 2186 885 2220 verbo
911 2188 949 2220 ad
985 2197 1055 2220 ver-

321 2241 398 2273 bum
432 2240 550 2274 inserto
582 2240 695 2273 haberi
730 2242 893 2283 volumus,
917 2233 1050 2274 uberius

323 2294 521 2327 continetur.

367 2347 382 2390 §
406 2346 436 2380 9.
464 2347 541 2380 Cum
574 2352 703 2388 autem,
731 2347 812 2380 sicut
844 2347 950 2381 clerici
985 2359 1053 2381 sae-

324 2401 449 2434 culares
473 2400 506 2433 in
531 2400 693 2433 communi
722 2400 865 2433 viventes
897 2400 1055 2444 praedicti

899 236 1111 262 INNOCENTH'S
1133 236 1165 260 XI
1190 236 1239 260 ΡΡ.

325 2451 433 2486 denuo
469 2452 562 2486 nobis
602 2463 705 2496 nuper
734 2453 851 2495 exponi
886 2453 1030 2486 fecerunt
1047 2479 1055 2493 ,

326 2504 405 2538 aliae
425 2505 672 2539 constitutiones
690 2505 873 2539 huiusmodi
891 2516 952 2550 pro
970 2506 1055 2539 felici

361 2576 374 2602 1
395 2576 488 2611 Aptius
507 2577 567 2612 lege
585 2579 703 2611 fuerant
721 2579 761 2608 (11.
777 2577 825 2609 τ.).

361 2618 378 2649 2
386 2619 451 2656 Leg.
460 2622 693 2655 confirmavimus
702 2625 727 2649 ct
736 2622 919 2658 approbarim.
926 2631 955 2649 us
963 2623 991 2656 (u
998 2622 1054 2652 m).

1726 222 1767 253 53

1096 293 1317 327 prosperoque
1347 288 1407 315 tam
1433 282 1465 314 in
1490 280 1712 324 spiritualibus
1733 290 1828 322 quam

1097 336 1329 379 temporalibus
1363 335 1497 368 instituti
1536 334 1669 377 praefati
1704 339 1734 366 et
1769 332 1828 364 sub

1096 390 1151 422 illo
1176 400 1260 422 nunc
1285 396 1316 422 et
1339 399 1398 432 pro
1424 394 1570 431 tempore
1601 388 1664 420 Deo
1689 388 1829 419 militan-

1096 442 1172 474 tium
1198 442 1356 484 regimine
1382 447 1414 475 et
1437 441 1596 484 gubernio
1622 440 1770 472 conditae
1797 443 1830 471 et

1095 495 1126 527 in
1142 500 1205 527 tres
1223 500 1329 538 partes
1344 494 1535 527 distributae
1552 493 1678 528 suerint,
1693 503 1827 536 quarum

1097 553 1197 585 tenor,
1219 558 1236 579 a
1260 548 1363 590 primii
1388 548 1575 590 primaeque
1602 546 1717 589 partis,
1745 556 1826 589 quae

1095 599 1133 631 ad
1160 599 1371 632 directionem
1401 599 1563 632 studiosae
1596 599 1768 632 iuventutis
1794 603 1828 631 et

1095 652 1341 684 seminariorum
1359 652 1511 694 pertinet,
1532 651 1763 684 constitutione
1782 651 1827 683 in-

1093 704 1253 747 cipiendo,
1280 709 1327 737 est
1351 704 1405 747 qui
1426 704 1580 747 sequitur,
1602 704 1771 737 videlicet:

1353 791 1437 817 PARS
1458 790 1570 817 PRtMA.

1159 843 1368 874 Cotislilittioucs
1388 844 1420 872 (lc
1441 844 1588 873 ‹iireclione
1610 845 1760 874 iuventutis

1324 896 1349 922 ee
1370 894 1590 922 seminariorum.

1844 234 1887 256 111,
1905 230 1932 256 G.
1951 230 2019 256 iuss'*

1137 978 1158 1001 1.
1185 968 1373 1011 Superiores
1399 970 1431 1001 in
1456 969 1662 1012 susceptione
1681 969 1826 1012 singulo·
1859 978 2019 999 mumma...

1837 1005 2014 1026 adinttt=·1idoiuui

1093 1031 1162 1053 rum
1187 1021 1426 1059 adolescentum
1465 1022 1598 1065 provide
1637 1023 1942 1063 attendantfflmbauo.

1093 1079 1127 1105 ut
1152 1079 1214 1106 tam
1240 1074 1427 1108 innocentia
1452 1076 1606 1117 integros,
1626 1086 1721 1119 quam
1742 1076 1827 1118 inge-

1095 1127 1147 1160 nio
1180 1132 1211 1160 et
1241 1127 1350 1160 indole
1386 1129 1651 1171 praestantiores,
1695 1130 1827 1161 servatis

1094 1181 1275 1220 servandis,
1297 1181 1478 1214 admittant.
1507 1182 1539 1213 ln
1564 1182 1650 1214 hunc
1668 1181 1766 1214 finem
1787 1182 1826 1214 ad

1095 1244 1266 1276 puerorum
1286 1234 1415 1276 ingenia
1440 1235 1470 1268 in
1497 1235 1625 1278 oppidis
1644 1240 1675 1267 et
1693 1235 1762 1268 aliis
1782 1236 1826 1268 lo-

1095 1287 1137 1318 cis
1162 1298 1178 1318 a
1203 1287 1424 1319 sacerdotibus
1455 1287 1746 1330 circumspiciatur,
1773 1287 1828 1331 qui

1096 1351 1130 1373 ex
1158 1341 1305 1373 omuibus
1335 1342 1371 1373 ad
1394 1342 1595 1384 propositum
1617 1341 1713 1374 liuius
1735 1341 1828 1374 cleri-

1096 1393 1171 1426 calis
1190 1393 1272 1426 vitae
1295 1394 1472 1427 habiliores
1488 1394 1649 1427 videntur.

1138 1456 1173 1478 11.
1201 1445 1322 1479 Deinde
1347 1446 1443 1489 aliqui
1471 1446 1573 1479 bonae
1593 1446 1709 1479 indolis
1735 1446 1828 1489 pueri

1095 1499 1133 1531 ad
1152 1499 1283 1532 domum
1302 1500 1502 1532 sacerdotum
1522 1499 1551 1531 in
1570 1499 1733 1542 parochiis
1755 1510 1827 1531 cum

1095 1562 1253 1585 consensu
1268 1557 1435 1595 pareutum
1450 1553 1655 1595 recipiuntur,
1667 1558 1698 1584 et
1713 1552 1744 1585 111
1764 1562 1828 1585 ccr-

1097 1606 1135 1637 tis
1151 1605 1241 1645 locis,
1259 1611 1322 1638 tam
1342 1605 1385 1645 lii,
1403 1616 1496 1648 quam
1516 1606 1568 1637 alii
1587 1606 1827 1646 adolescentes,

1096 1670 1112 1690 a
1134 1658 1357 1691 sacerdotibus
1383 1658 1415 1690 in
1439 1658 1630 1690 rudimentis
1665 1664 1698 1690 et
1726 1669 1831 1701 gram-

1097 1711 1211 1744 matica
1238 1711 1464 1750 informentur,
1490 1717 1519 1742 ut
1551 1721 1610 1754 pro
1640 1711 1830 1754 receptione

1097 1764 1135 1796 ad
1156 1763 1327 1796 seminaria
1345 1763 1582 1806 qualilicentur.

1139 1827 1187 1850 111.
1215 1816 1253 1849 Ut
1277 1816 1414 1849 exclusis
1448 1816 1567 1859 ineptis
1603 1821 1655 1848 aut
1687 1815 1828 1859 indignis

1098 1870 1168 1902 talis
1194 1869 1340 1902 delectus
1365 1868 1437 1909 siat,
1465 1869 1651 1911 superiores
1680 1870 1830 1902 studeant

1097 1928 1279 1955 accuratam
1295 1922 1576 1965 suscipiendorum
1588 1922 1733 1954 notitiam
1745 1932 1834 1965 prae-

1098 1976 1230 2015 habere,
1244 1986 1284 2008 ne
1299 1975 1443 2009 dimissio
1462 1981 1535 2018 post
1548 1975 1693 2008 facienda
1714 1976 1830 2009 damno

1097 2034 1151 2061 aut
1171 2029 1320 2071 cuiquam
1338 2028 1429 2061 oneri
1451 2029 1503 2061 sit.

1140 2092 1182 2115 iv.
1210 2081 1429 2124 Suscipiendi,
1448 2086 1601 2124 quantum
1618 2080 1687 2115 fieri
1708 2087 1832 2124 potest,

1098 2135 1236 2168 habeant
1260 2135 1431 2167 vehemens
1452 2135 1615 2177 quoddam
1633 2134 1832 2167 desiderium

1096 2187 1260 2228 studendi,
1279 2187 1473 2230 praestantis
1497 2192 1551 2219 aut
1575 2188 1688 2219 saltem
1710 2187 1834 2220 medio-

1097 2241 1160 2274 cris
1196 2241 1260 2273 sint
1284 2240 1429 2283 ingenii,
1458 2240 1578 2283 pietate
1603 2240 1635 2272 in
1662 2240 1761 2273 Deum
1798 2251 1835 2273 ae

1098 2294 1268 2328 devotione
1302 2304 1379 2335 erga
1414 2293 1593 2336 Deiparam,
1631 2293 1774 2336 speciem
1802 2294 1836 2325 ti-

1098 2349 1213 2381 liorum
1238 2347 1293 2379 Dei
1324 2347 1362 2379 de
1396 2356 1429 2378 se
1459 2346 1648 2389 praebeant,
1681 2346 1837 2379 naturalis

1099 2412 1211 2434 eorum
1237 2400 1363 2432 indoles
1387 2399 1425 2432 ad
1451 2399 1603 2431 virtutum
1630 2399 1714 2432 viam
1740 2400 1833 2431 facile

1099 2453 1215 2486 flexilis
1238 2453 1288 2485 sit.

1143 2517 1173 2539 v.
1202 2506 1315 2538 Animo
1341 2505 1384 2537 ita
1408 2505 1472 2537 sint
1496 2506 1673 2548 composito
1692 2510 1723 2538 et
1740 2515 1838 2547 supra

1101 2559 1279 2592 saecularia
1305 2557 1468 2590 desideria
1494 2558 1659 2591 humiliter
1684 2559 1778 2596 elato,
1803 2563 1837 2589 ut

1100 2612 1299 2653 modeaiam,
1320 2611 1568 2643 siibiiiissitjmcni
1590 2611 1787 2650 intellectus,
1807 2614 1839 2644 GL
