2111 3157
173 183 221 209 An.
240 183 270 209 c.
291 183 356 210 1678
403 174 468 208 104

364 234 434 274 dae,
459 233 573 266 iisdem
606 232 796 276 privilegiis,
825 230 1101 269 conce-:donibus

363 285 592 328 indulgentiis,
631 285 742 326 gratiis
779 288 810 316 ct
846 283 988 323 indultis,
1020 294 1101 326 quae

363 338 619 372 confraternitati
645 337 697 370 SS.
725 336 925 369 Sacramenti
951 337 983 368 in
1002 337 1101 368 eccle-

363 393 409 424 sia
435 392 463 424 S.
491 391 605 423 Mariae
630 400 727 432 super
752 389 926 422 Minervam
952 389 991 422 de
1014 389 1099 422 Urbe

363 450 488 477 erectae
514 442 650 484 largitus
683 442 787 474 suerat
818 452 853 474 ac
878 441 910 473 in
935 446 1098 484 posterum

362 497 544 539 largiretur,
571 494 629 533 uti,
665 494 764 537 potiri
796 499 826 527 et
858 493 998 536 gaudere
1030 504 1101 536 pos-

362 556 433 581 sent
458 559 492 580 ac
519 548 677 580 deberent
693 559 699 587 ;
727 547 802 590 quia
821 553 927 579 tamen
945 557 1004 590 per
1020 557 1099 579 non-

361 603 469 634 nullas
496 600 691 643 apostolicas
717 599 966 633 constitutiones
992 604 1024 632 et
1048 610 1099 632 or-

361 654 553 692 dinationes,
586 663 668 696 quac
701 653 856 696 deinceps
886 657 1097 692 emanarunt,

360 707 553 749 praesertim
577 716 654 738 vero
686 716 745 748 per
776 705 890 738 similis
921 705 1097 737 memoriae

359 759 534 792 Clementis
560 759 621 791 wll
648 759 911 791 constitutionem
931 759 969 791 de
986 768 1098 800 aggre-

360 811 543 854 gationibus
575 811 703 850 editam,
734 812 898 844 facultates
931 815 962 843 et
992 810 1098 843 indul-

359 865 499 907 gentiae,
529 870 591 897 tam
619 864 825 907 supradictae
850 864 880 897 S.
914 864 1031 896 Mariae
1057 864 1095 896 de

358 918 496 950 Minerva
528 929 624 961 quam
652 917 769 950 ceteris
799 917 949 950 omnibus
974 917 1096 949 confra-

358 970 563 1002 ternitatibus
587 976 681 1002 antea
706 980 899 1009 concessae,
926 974 980 1001 aut
1003 970 1095 1001 abro-

359 1028 461 1064 gatae,
487 1028 541 1054 aut
561 1023 672 1054 saltem
691 1022 875 1054 moderatae
892 1022 1095 1064 comperiun-

357 1081 417 1115 tur,
443 1075 571 1118 aliaque
589 1075 651 1107 hoc
670 1075 707 1108 de
726 1085 846 1117 genere
866 1074 994 1106 decreta
1010 1080 1092 1114 sunt,

356 1139 392 1161 ex
413 1128 530 1170 quibus
555 1128 587 1160 in
613 1127 746 1160 dubium
769 1127 910 1160 revocari
927 1137 1023 1170 posse
1047 1127 1092 1159 vi-

355 1181 469 1213 deatur
500 1191 541 1213 an
567 1180 751 1213 huiusmodi
778 1180 866 1213 Pauli
892 1180 929 1212 Ill
961 1190 1092 1213 conces-

354 1234 466 1266 siones
491 1233 664 1276 pristinum
684 1243 776 1265 suum
794 1234 897 1266 robur
913 1233 1018 1265 adhuc
1041 1244 1091 1266 re-

354 1285 501 1318 tineant:
520 1285 735 1328 Congregatio
755 1286 1088 1319 eminentissimorum

354 1344 387 1370 et
411 1338 755 1371 reverendissimorum
776 1338 807 1371 S.
827 1338 864 1370 R.
882 1338 915 1370 E.
944 1338 1090 1371 cardina-

354 1391 432 1423 lium
475 1391 691 1434 indulgentiis
741 1390 902 1433 sacrisque
944 1391 1089 1434 reliquiis

352 1444 600 1487 praefectorum,
619 1449 734 1487 optans
759 1454 962 1486 summopere
987 1455 1089 1476 sacra-

353 1497 466 1529 tissimi
485 1497 685 1529 sacramenti
702 1497 945 1529 venerationem
971 1502 1002 1529 et
1022 1498 1089 1529 cul-

353 1555 417 1581 tum
441 1550 473 1582 in
500 1550 568 1582 dies
593 1549 695 1591 magis
726 1549 847 1591 augeri,
881 1553 914 1581 et
944 1549 985 1581 ob
1018 1560 1087 1581 eam

351 1612 481 1634 causam
501 1601 690 1634 huiusmodi
716 1602 901 1634 societatem
928 1602 960 1634 in
985 1602 1088 1635 omni-

350 1655 411 1686 bus
436 1655 583 1687 ecclesiis
604 1655 848 1697 parochialibus
874 1654 965 1696 erigi,
989 1660 1085 1697 atque

350 1708 389 1739 ad
427 1708 457 1740 id
495 1707 723 1740 christifideles
757 1707 941 1750 praecipuis
976 1707 1085 1750 gratiis

350 1760 496 1800 excitari,
533 1760 664 1802 speciali
702 1760 817 1792 ordine
854 1759 964 1792 habito
996 1760 1085 1792 vivae

349 1812 437 1845 vocis
461 1814 592 1845 oraculo
618 1823 634 1844 a
659 1812 711 1845 SS.
740 1812 774 1844 D.
794 1812 831 1845 N.
850 1812 1013 1845 Clemente
1031 1813 1086 1845 Pa-

349 1875 389 1907 pa
414 1865 449 1904 X,
474 1865 576 1897 felicis
602 1865 837 1897 recordationis
859 1866 946 1898 Pauli
966 1866 988 1897 V
1025 1876 1081 1898 ve-

348 1917 451 1959 stigiis
465 1918 667 1956 inhaerente,
683 1918 825 1950 decrevit
838 1928 873 1950 ac
884 1916 1082 1958 declaravit&

348 1970 434 2001 iuxta
466 1970 597 2002 easdem
629 1970 721 2002 Pauli
746 1970 784 2001 Ill
817 1970 1081 2009 constitutione&

347 2023 629 2055 confraternitates
648 2028 679 2055 et
699 2022 843 2065 singula*z
860 2023 912 2055 SS.
933 2023 1083 2065 Corporis

348 2076 476 2115 Christi,
501 2075 621 2118 ubique
648 2081 808 2108 terrarum
827 2076 981 2108 hactenus
1007 2086 1082 2118 apo-

347 2128 461 2161 stolica
486 2129 535 2161 vel
556 2127 722 2161 ordinaria
742 2128 933 2161 auctoritate
959 2133 1082 2160 erectas

347 2186 403 2213 aut
437 2181 573 2223 posthac
618 2180 809 2222 erigendas,
843 2181 964 2223 absque
1000 2182 1081 2212 nova

348 2238 401 2266 aut
426 2233 582 2276 peculiari
607 2233 669 2265 alia
693 2233 911 2275 concessione,
938 2244 1082 2266 commu-

347 2286 509 2318 nicatione
524 2286 571 2318 vel
596 2285 840 2327 aggregatione,
860 2286 928 2319 sore
954 2291 985 2318 ct
1009 2296 1079 2318 csse

348 2339 465 2370 debere
490 2337 664 2380 participes
682 2349 962 2381 quorumcumque
982 2337 1082 2381 privi-
1101 2358 1103 2373 .

347 2390 524 2432 tegiorum,
562 2390 821 2430 concessionum,
856 2390 1078 2432 indulgentia-

347 2453 427 2483 rum,
456 2443 651 2482 facultatum,
677 2443 854 2485 gratiarum
880 2448 912 2475 et
943 2443 1082 2475 indulto-

384 2513 393 2539 1
414 2511 482 2538 Edit.
499 2512 578 2538 Main.
596 2512 659 2546 legit
675 2513 802 2539 declarat
821 2515 858 2544 (n.
875 2514 922 2545 T.).

950 182 1128 206 BL'LLAlllL'M
1152 181 1304 206 Romami

381 2557 397 2584 2
419 2557 512 2582 Potius
532 2557 588 2592 lege
609 2565 706 2583 cuntes
726 2560 751 2584 et
770 2558 899 2594 siugsulas
918 2560 958 2592 (n.
976 2558 1025 2594 Τ.).

1889 178 1937 207 An.
1958 178 1987 208 C.
2004 181 2069 209 1678

1144 239 1214 261 rum
1236 230 1276 262 ab
1301 230 1415 262 eodem
1439 229 1537 263 Paulo
1561 230 1583 261 V
1608 229 1881 263 archiconsrater-

1144 281 1234 314 nitati
1270 282 1323 315 SS.
1346 282 1542 315 Sacramenti
1575 283 1614 316 de
1650 283 1789 316 Minerva
1821 293 1878 326 pei·

1144 335 1244 367 Breve
1280 335 1388 367 datum
1421 335 1543 368 Romae
1576 336 1660 378 apud
1691 335 1723 368 S.
1749 335 1877 368 Petrum

1144 387 1194 419 die
1220 397 1257 420 111
1282 387 1467 420 novembris
1493 397 1591 421 itineri
1628 387 1817 421 nominatim
1846 392 1878 421 et

1143 449 1294 482 expresse
1320 450 1550 473 concessorum
1583 451 1619 473 ac
1655 441 1687 473 in
1712 447 1877 483 posterum

1141 502 1159 523 a
1175 492 1257 524 Sede
1275 493 1462 535 Apostoliea
1486 493 1782 533 concedendorum,
1797 493 1877 526 illis-

1142 555 1204 587 que
1229 545 1379 577 omnibus
1404 551 1435 578 et
1454 545 1587 587 singulis
1604 546 1658 585 uti,
1677 545 1786 588 potiri,
1804 556 1877 588 gau-

1142 597 1218 630 dere
1243 609 1338 641 posse
1364 609 1400 631 ac
1424 599 1543 631 debere
1561 599 1667 631 statim
1690 605 1786 642 atque
1804 608 1877 631 con-

1142 649 1376 683 fraternitatum
1403 651 1586 683 earumdem
1611 651 1729 684 erectio
1747 657 1877 694 aposto-

1141 702 1200 734 lica
1225 703 1275 735 vel
1300 703 1462 736 ordinaria
1486 704 1679 736 auctoritate
1706 704 1787 736 sacta
1814 704 1876 736 sue-

1140 753 1196 793 rit.;
1224 757 1350 787 servata
1375 760 1481 788 tamen
1507 756 1538 787 in
1564 755 1698 798 reliquis
1724 756 1874 788 omnibus

1138 806 1306 848 praedicta
1330 806 1504 840 Clementis
1528 808 1591 840 Vlll
1623 808 1873 841 constitutione:

1138 869 1204 891 non
1229 859 1432 892 obstantibus
1452 860 1738 893 constitutionibus
1765 867 1796 893 et
1820 871 1873 893 or-

1139 911 1358 945 dinationibus
1382 913 1568 955 apostolicis
1593 914 1632 946 de
1660 913 1871 955 indulgentiis

1137 964 1278 996 adinstar
1296 976 1361 997 non
1379 966 1607 1005 concedendis,
1627 976 1687 998 nec
1703 966 1773 998 aliis
1795 976 1872 998 cou-

1138 1016 1242 1048 trariis
1263 1018 1535 1060 quibuscumque.
1550 1018 1718 1051 —Datum
1739 1018 1870 1059 Romae,

1136 1069 1187 1101 die
1211 1079 1286 1102 xxm
1311 1070 1423 1113 aprilis
1445 1080 1618 1103 MDCLxxvt.

1400 1123 1432 1156 C.
1456 1123 1626 1156 cardinalis
1651 1123 1804 1157 Maximus.

1220 1174 1306 1208 Loco
1331 1178 1353 1216 †
1378 1176 1490 1218 sigilli.

1396 1229 1434 1261 M.
1458 1229 1494 1261 A.
1515 1228 1646 1263 Riccms
1661 1234 1774 1262 secret.
1795 1241 1825 1262 ».

1176 1279 1190 1323 ἓ
1208 1280 1237 1312 ⁶2.
1259 1279 1361 1319 Quare
1382 1292 1441 1314 nos
1458 1287 1634 1324 perpetuae
1652 1282 1796 1314 eiusdem
1813 1281 1868 1315 de·
1923 1297 2060 1320 conr-marm

1133 1333 1211 1366 creti
1236 1333 1379 1367 firmitati
1404 1335 1574 1367 consulere
1599 1335 1786 1378 cupientes,
1812 1323 1965 1371 de-iiiitisun'
1988 1325 2060 1346 ‘’W''

1132 1391 1252 1418 cretum
1277 1387 1383 1430 ipsum
1409 1386 1655 1429 praeinsertum,
1675 1398 1745 1420 cum
1762 1388 1866 1420 omni--

1131 1437 1190 1470 bus
1213 1443 1244 1471 et
1267 1439 1401 1481 singulis
1426 1439 1456 1471 in
1484 1449 1520 1472 eo
1538 1439 1709 1479 contentis,
1727 1439 1866 1472 anctori-

1133 1495 1195 1522 tate
1219 1492 1407 1533 apostolica,
1427 1496 1539 1524 tenore
1564 1492 1794 1535 praesentium,
1812 1503 1865 1535 ap·

1130 1542 1315 1584 probamus,
1340 1543 1567 1576 confirmamus
1600 1549 1631 1576 et
1662 1544 1862 1583 innovamus,

1129 1593 1242 1637 illique
1263 1595 1457 1628 inviolabilis
1482 1596 1682 1640 apostolicae
1702 1595 1863 1629 firmitatis

1128 1649 1227 1681 robur
1250 1649 1433 1682 adiicimus.

1172 1701 1242 1744 §3
1269 1702 1439 1735 Praeterea
1472 1703 1622 1736 omnibus
1658 1708 1691 1736 et
1725 1703 1860 1745 singulis
1899 1715 1985 1741 insuper
2005 1722 2053 1737 eon-

1830 1756 1836 1761 .
1872 1744 1954 1763 cfflhtm·
1988 1743 2053 1763 indul-

1128 1755 1296 1798 utriusque
1327 1766 1420 1788 sexus
1449 1756 1716 1790 christifidelibus
1742 1763 1803 1790 tam
1828 1766 1860 1788 in
1872 1769 2054 1814 &firmamina-.-

1882 1802 1886 1814 Ι
1898 1801 1927 1815 *tls
1950 1808 1957 1815 ι
1968 1808 1972 1814 ι
1985 1810 1989 1814 Α
2014 1810 2019 1815 ι
2030 1801 2052 1815 a*

1127 1810 1212 1842 alma
1235 1809 1320 1843 Urbe
1345 1812 1468 1850 nostra,
1495 1821 1589 1853 quam
1614 1811 1691 1843 alibi
1716 1811 1998 1851 ubicum-qxnunennun
2026 1822 2052 1842 mi

1128 1872 1190 1904 que
1215 1863 1360 1895 locorum
1387 1863 1592 1905 degentibus,
1609 1863 1663 1906 qui
1680 1864 1859 1906 praefatum
1871 1848 1963 1894 iiiiiisuffi
1997 1848 2052 1868 ‘¹²⁴³'

1126 1914 1178 1946 SS.
1205 1915 1426 1947 Eucharistiae
1446 1915 1698 1955 Sacramentum,
1725 1927 1797 1948 cum
1820 1916 1861 1949 ad

1124 1967 1268 1999 infirmos
1305 1978 1363 2010 pro
1399 1967 1515 2000 viatico
1553 1968 1709 2007 defertur,
1747 1968 1861 2001 devote

1126 2021 1268 2054 comitati
1294 2021 1422 2060 suerint,
1459 2032 1495 2053 ac
1526 2031 1584 2064 pro
1609 2021 1861 2054 christianorum

1125 2074 1308 2117 principum
1345 2074 1530 2114 concordia,
1563 2075 1737 2107 haeresum
1767 2075 1862 2107 extir-

1126 2128 1316 2171 pationc,ac
1333 2132 1461 2160 sanctae
1486 2128 1595 2160 matris
1619 2127 1782 2161 Ecclesiae
1808 2138 1862 2160 ex-

1124 2180 1277 2213 altatione
1302 2180 1371 2222 pias
1406 2180 1444 2212 ad
1474 2179 1574 2212 Deum
1600 2190 1712 2223 preces
1737 2179 1860 2213 effude-

1124 2233 1198 2273 rint,
1225 2243 1429 2276 quacumque
1453 2233 1521 2265 vice
1539 2232 1570 2265 id
1589 2233 1725 2275 egerint,
1743 2233 1770 2265 si
1788 2243 1858 2266 cum

1124 2286 1257 2326 lumine,
1282 2291 1405 2329 septem
1431 2296 1533 2319 annos
1558 2291 1590 2319 et
1620 2286 1753 2318 totidem
1781 2296 1859 2329 qua-

1124 2338 1294 2380 dragenas,
1321 2338 1346 2370 si
1372 2349 1448 2371 vero
1475 2338 1544 2371 sine
1570 2338 1690 2371 lumine
1716 2338 1804 2378 illud,
1825 2343 1860 2370 ut

1124 2391 1314 2433 praefertur,
1333 2390 1475 2423 comitati
1494 2391 1622 2430 suerint,
1639 2390 1783 2434 quinque
1806 2401 1860 2423 an-

1125 2454 1183 2475 nos
1210 2448 1241 2475 et
1266 2443 1408 2486 quinque
1434 2444 1659 2486 quadragenas
1681 2442 1858 2485 respective

1125 2497 1164 2528 (le
1189 2496 1343 2528 iniunctis
1369 2496 1427 2537 eis,
1445 2501 1498 2528 aut
1518 2497 1596 2529 alias
1614 2495 1859 2539 quomodolibet

1125 2559 1260 2592 percos
1297 2549 1414 2581 debitis
1448 2548 1658 2594 poenitentiis
1694 2548 1726 2581 in
1757 2548 1858 2581 forma
