2111 3157
117 176 310 225 An.c.1ssc{
353 184 416 219 “98
456 224 458 226 ,

179 1159 298 1179 Facultates

115 1191 252 1206 counitus-{rii
269 1192 276 1197 v

114 1213 172 1233 neial
184 1219 192 1231 s
235 1206 298 1233 ultiu-

305 245 379 283 rint,
399 253 454 276 eos
475 240 686 275 bibliothecis
708 239 918 280 collegiorum
939 236 1046 269 statim

898 188 1076 213 BULLAfflru
1101 176 1252 210 nouxiru
1274 212 1279 216 ,

1829 182 1879 210 An.
1895 181 1925 210 C.
1949 182 2017 212 1686

1133 236 1175 268 Ex
1194 235 1256 268 hoc
1272 239 1385 268 nostro
1404 233 1628 267 Aracaelitano
1653 230 1824 273 conventu,

308 298 442 336 donent,
464 296 527 328 imo
546 295 583 326 ad
607 294 692 326 hunc
718 297 842 325 tantum
867 290 964 323 finem
990 289 1046 322 do·
1091 288 1141 321 dic
1166 299 1197 321 xt
1222 288 1298 321 maii
1323 297 1516 321 MDCLxxxvt.

307 352 473 383 nationem
511 348 711 392 praedictam
752 350 920 388 acceptare
957 348 1048 387 pote-

308 411 402 444 ruut;
431 409 480 444 et,
508 403 532 435 si
559 401 726 443 contingat
747 399 833 442 quod
861 408 961 441 opera
990 395 1049 429 ali-

309 458 398 490 cuius
424 454 620 489 missionarii
640 454 887 486 benefactorum
907 451 1049 484 eleemo-

310 511 397 554 synis
423 510 505 553 typis
531 510 659 547 dentur,
688 506 882 549 religiosus,
905 503 959 547 qui
978 501 1048 536 eas¹

310 564 359 605 (ut
385 563 477 605 licet)
505 562 611 594 medio
637 560 781 603 syndico,
798 565 828 592 et
853 558 893 591 de
918 556 1050 590 licentia

309 616 523 659 superiorum,
550 625 610 658 pro
636 614 696 647 hac
721 612 916 646 necessitate
943 611 1049 643 deter-

308 670 429 701 minata
444 668 650 712 praestanda,
666 665 862 709 perceperit,
873 669 903 698 et
917 664 1051 706 impres-

312 723 414 755 sionis
431 718 618 763 indigentiis
630 719 850 763 applicaverit,
861 717 1051 759 neutiquam
1071 734 1074 754 3

309 776 370 808 sibi
390 774 624 818 exemplarium
643 773 889 817 repartitionem
907 776 939 803 et
956 770 1051 802 libro-

308 839 381 861 rum
407 828 617 861 donationem
643 830 796 865 reservet,
815 825 871 858 sed
898 824 929 857 id
953 823 993 857 de
1014 823 1051 856 il-

309 881 350 914 lis
367 880 432 918 siat,
453 880 540 923 qnod
560 879 756 912 discretorio
783 876 914 919 collegii
939 875 1050 908 utilius

310 945 345 967 ac
373 933 556 976 religiosius
571 931 770 975 apparuerit,
789 940 919 973 semper
945 934 1050 961 tamen

309 987 536 1020 benefactores
564 991 594 1018 et
625 985 718 1017 amici
749 984 933 1027 spirituales
959 993 1052 1025 prae-

311 1041 462 1079 ferantur,
491 1039 543 1082 qui
568 1039 656 1081 digni
682 1038 720 1071 ab
746 1042 879 1070 auctore
905 1047 962 1069 seu
987 1037 1051 1068 sol-

311 1094 470 1127 licitatore
498 1092 724 1135 impressionis
746 1089 901 1124 declarati
918 1090 1049 1122 suerint.

354 1146 404 1186 Ei,
433 1156 472 1177 ne
499 1150 689 1188 praesentes
715 1144 841 1177 litterae
875 1143 914 1175 ad
944 1147 1048 1175 matu-

311 1210 364 1232 rae
402 1198 684 1231 determinationis
703 1224 710 1237 ,
746 1198 786 1230 ob
813 1196 960 1239 aliquos,
987 1195 1051 1228 sive

310 1252 510 1285 auctoritatis
536 1252 575 1284 ad
602 1251 843 1283 decernendum
877 1250 909 1282 in
936 1259 1051 1292 perpe-

285 1344 290 1349 .
311 1311 407 1344 tuum,
428 1305 493 1337 sive
513 1304 647 1337 alterius
664 1303 808 1342 rationis,
827 1302 981 1342 desectus,
1000 1312 1052 1334 ne-

310 1358 451 1391 cessaria
486 1357 636 1389 firmitate
673 1362 822 1396 careant,
861 1356 1050 1389 earumdem

313 1418 423 1444 tenore
454 1411 638 1443 facultatem
657 1410 853 1452 procurandi
881 1400 952 1441 tans
965 1409 1049 1451 apud

312 1464 606 1498 eminentissimum
633 1463 797 1495 dominum
816 1468 960 1495 nostrum
980 1472 1052 1504 pro-

311 1524 466 1551 tectorem
499 1528 593 1560 quam
628 1517 713 1559 apud
753 1516 902 1548 Sanctam
935 1514 1050 1547 Sedem

311 1572 511 1605 necessarias
531 1570 791 1604 confirmationes
816 1575 847 1602 ct
871 1568 1053 1602 roboratio-

312 1637 369 1658 nes
394 1631 593 1668 opportunas
624 1634 659 1656 ac
678 1630 866 1667 perpetuam
884 1628 1052 1655 manuten-

312 1679 432 1711 tionem
459 1678 540 1720 patri
567 1677 739 1709 Francisco
762 1677 835 1709 Diaz
863 1687 880 1708 a
900 1676 931 1708 S.
954 1676 1052 1708 Bona-

312 1738 449 1765 rcntura
476 1731 571 1763 buius
598 1731 710 1764 Curiae
745 1730 970 1763 commissario
997 1740 1051 1770 ge-

312 1785 413 1817 nerali
440 1785 584 1827 plenarie
611 1784 825 1826 impertimur,
852 1782 977 1825 ipsique
1004 1782 1051 1814 di-

312 1844 432 1869 ctarum
452 1836 655 1869 cr11¹c1i0num
675 1836 914 1878 promotionem
934 1840 965 1867 et
983 1835 1054 1866 mis-

313 1890 442 1922 sionum
465 1889 601 1929 negocia
628 1889 658 1921 in
688 1889 747 1921 liae
765 1888 859 1921 Curia
886 1887 1053 1920 tractanda
1074 1907 1075 1915 i

314 1954 384 1975 cum
423 1943 627 1975 l‘acultatil‘Jus
665 1942 861 1975 necessariis
886 1941 1055 1973 committi-

313 2008 393 2035 mus,
433 2002 463 2028 et
500 1996 661 2028 licentian'i
699 1997 737 2028 ad
776 1995 984 2038 postulandas
1022 1995 1052 2027 in

314 2052 400 2081 sarra
416 2049 671 2091 Congregationc
690 2050 728 2083 dc
748 2049 957 2092 Propaganda
976 2049 1052 2081 Fide

314 2103 504 2135 missionum
530 2114 589 2145 pro
616 2103 800 2135 memoratis
822 2102 1053 2135 commissariis
1075 2141 1077 2144 Α

1075 2146 1189 2191 'sequi
1222 2150 1376 2187 volentes,
1403 2152 1435 2179 et
1469 2159 1485 2180 a
1517 2147 1683 2190 quibusvis
1709 2158 1837 2181 excom-

315 2157 544 2198 pratd'ecturas,
568 2161 598 2187 et
623 2154 730 2187 omnia
748 2155 803 2187 illa
821 2155 946 2196 agenda
972 2164 1053 2196 quac

309 2201 375 2251 'pro
403 2214 464 2240 tam
491 2213 602 2240 sancto
635 2218 734 2250 opere
772 2206 972 2250 pelliciendo
1006 2218 1055 2238 ne-

317 2262 454 2294 ccssaria
482 2261 608 2301 fuerint,
625 2260 765 2293 libenter
791 2259 999 2293 concedimus
1026 2264 1057 2292 et

318 2315 505 2355 elargimur.
530 2315 715 2356 Uarumque
734 2314 916 2346 litterarum
942 2312 1055 2345 Obser-

317 2368 455 2400 vantiam
481 2368 636 2407 omnibus,
656 2368 694 2400 ad
721 2378 802 2411 quos
827 2371 960 2409 spectat,
984 2376 1056 2398 cum

319 2421 468 2453 salutaris
494 2420 699 2453 obedientiae
719 2420 833 2453 merito
852 2419 1056 2452 commenda-

1134 341 1185 374 Fr.
1213 342 1337 374 Penius
1361 341 1511 381 lllARlNUS,
1537 340 1687 374 minister
1712 349 1824 381 gener.

1134 394 1177 427 De
1204 394 1243 426 M.
1264 394 1300 427 R.
1329 394 1440 437 patris,
1453 394 1505 426 Fr.
1525 393 1639 427 Iosapn
1663 402 1681 426 A
1704 392 1825 433 Leonis,

1092 447 1285 480 secretarius
1311 447 1472 490 generalis
1496 446 1625 480 Ordinis
1651 459 1680 479 ».

1136 501 1173 533 Et
1203 500 1341 534 subinde
1374 500 1568 533 venerabilis
1592 500 1691 533 frater
1715 503 1828 533 noster
1854 514 2021 545 momumen-

1094 554 1275 587 Alderanus
1294 553 1471 596 episcopus
1496 552 1692 593 Portuensis,
1711 541 1914 589 S.R.E.2t'0‘¹‡,¹,',⁵
1951 545 2022 569 ΨΜ·

1093 606 1265 640 cardinalis
1307 606 1392 650 Cybo
1435 611 1639 649 nuncupatus
1656 633 1663 646 ‚
1700 604 1837 641 Ordinis,

1094 660 1230 703 praefati
1247 660 1332 703 apud
1349 670 1407 692 nos
1427 664 1459 692 et
1474 659 1591 692 Sedem
1610 658 1831 702 Apostolicam

1095 718 1274 756 protector,
1305 712 1406 745 dictas
1438 717 1588 756 patentes
1613 712 1753 752 litteras,
1778 722 1833 745 ea-

1096 777 1229 809 rumque
1244 766 1481 809 praeinsertam
1495 765 1756 809 dispositionem,
1776 775 1832 809 ap-

1096 818 1246 862 probavit
1263 824 1295 851 et
1312 817 1514 851 confirmavit
1531 829 1589 862 per
1610 829 1702 852 suum
1724 819 1833 852 decre·

1098 877 1161 904 tum
1185 871 1306 904 tenoris
1333 871 1510 914 sequentis,
1534 871 1708 905 videlicet:
1742 883 1754 902 α
1781 871 1834 905 ΑΙ-

1096 925 1234 957 deranus
1267 925 1440 968 episcopus
1469 924 1659 957 Portuensis
1683 924 1715 957 S.
1741 924 1778 957 R.
1798 917 1833 957 E.

1095 978 1268 1011 cardinalis
1282 977 1366 1021 Cybo
1381 977 1544 1021 seraphici
1558 977 1685 1011 Ordinis
1699 978 1834 1012 S.Fran-

1096 1031 1172 1064 cisci
1187 1031 1271 1074 apud
1286 1030 1434 1064 Sanctam
1445 1030 1562 1064 Sedem
1578 1036 1755 1074 protector,
1768 1035 1832 1065 etc.

1095 1084 1332 1126 Retroscriptas
1348 1083 1471 1116 litteras
1489 1088 1637 1126 patentes
1656 1083 1759 1127 patris
1777 1083 1836 1116 mi-

1096 1138 1188 1170 nistri
1207 1137 1380 1180 generalis
1399 1147 1576 1180 earumque
1597 1137 1835 1180 praeinsertam

1095 1191 1357 1234 dispositionem,
1385 1195 1498 1223 tenore
1528 1191 1748 1233 praesentium
1779 1201 1835 1234 ap-

1096 1245 1268 1288 probamus
1295 1249 1327 1277 et
1351 1243 1588 1284 confirmamus,
1607 1254 1770 1288 suumque
1792 1244 1836 1279 es-

1095 1298 1212 1330 sectum
1247 1297 1357 1331 sortiri
1394 1296 1611 1340 praecipimus
1648 1301 1681 1330 et
1705 1297 1836 1330 manda-

1096 1362 1174 1391 mus,
1194 1351 1253 1384 sub
1279 1351 1394 1395 poenis
1420 1350 1452 1383 in
1477 1350 1603 1383 statutis
1632 1349 1836 1393 generalibus

1096 1409 1207 1437 contra
1232 1405 1374 1437 rebelles
1399 1403 1621 1447 praescriptis.

1140 1458 1272 1495 Itomae.
1300 1467 1354 1490 xm
1381 1456 1456 1488 maii
1480 1466 1672 1490 MDCLxxxw.

1359 1510 1394 1542 A.
1413 1510 1500 1542 card.
1520 1509 1605 1542 Crsso
1623 1514 1802 1552 protector.

1360 1563 1406 1596 lo.
1428 1563 1583 1596 BAP'risTA
1601 1562 1714 1601 Rrscs,
1734 1569 1795 1596 etc.
1817 1576 1830 1595 »

1140 1619 1153 1661 g
1179 1618 1209 1650 ΞΣ.
1238 1617 1315 1650 Cum
1342 1621 1461 1656 autem,
1489 1616 1574 1648 sicut
1598 1616 1710 1649 eadem
1738 1627 1835 1660 expo·
1894 1626 2029 1648 Confirmatio

1096 1671 1166 1704 >itio
1203 1670 1429 1712 subiungebat,
1454 1669 1616 1712 praefatus
1646 1653 1959 1703 Franciscus'csslssissii'ss'f
1994 1654 2029 1675 ‘¹⁰'

1097 1723 1339 1757 commissarius
1366 1723 1528 1764 generalis
1560 1722 1744 1765 praemissa,
1771 1733 1835 1765 quo

1073 1776 1074 1784 ¹
1098 1777 1218 1809 tii-iuius
1233 1775 1409 1808 subsistant
1435 1781 1466 1807 ct
1491 1779 1660 1807 serventur
1680 1775 1834 1815 exactius,

1097 1830 1293 1873 apostolicae
1330 1827 1586 1861 confirmationis
1623 1833 1755 1861 nostrae
1780 1838 1836 1871 pa-

1099 1882 1233 1915 trocinio
1249 1880 1443 1914 communiri
1464 1880 1635 1923 plurimum
1654 1880 1833 1913 desideret:

1098 1948 1167 1976 nos,
1193 1935 1293 1978 ipsius
1319 1933 1479 1966 Francisci
1498 1933 1711 1966 commissarii
1738 1944 1837 1976 gene-

1099 1989 1172 2022 ralis
1198 1988 1278 2021 votis
1299 1988 1359 2019 hac
1384 1987 1416 2019 in
1439 1996 1484 2025 re,
1499 1991 1656 2030 quantum
1681 1996 1752 2019 cum
1774 1987 1836 2019 Do-

1099 2043 1185 2075 mino
1200 2040 1532 2086 possumus,benigne
1546 2045 1734 2081 annuentes,
1747 2051 1837 2074 eum-

1098 2107 1159 2139 que
1185 2094 1380 2138 specialilms
1406 2094 1568 2126 favoribus
1585 2098 1617 2126 et
1634 2093 1742 2136 gratiis
1760 2104 1836 2138 pro-

1099 2201 1339 2241 muuicatiouis‚
1367 2201 1594 2244 suspensionis
1612 2205 1643 2234 et
1660 2200 1834 2241 interdicti,

1099 2255 1237 2298 aliisque
1263 2249 1492 2287 ¹ecclesiasticis
1517 2253 1701 2293 sententiis,
1728 2263 1839 2286 censu-

1101 2309 1144 2341 ris
1182 2314 1213 2341 ct
1248 2307 1373 2352 poenis,
1400 2318 1417 2340 a
1442 2307 1510 2340 iure
1542 2308 1592 2340 vel
1625 2307 1664 2340 ab
1693 2307 1837 2345 homine.

1101 2363 1211 2406 quavis
1237 2363 1406 2396 occasione
1432 2362 1481 2395 vel
1507 2363 1602 2394 causa
1625 2359 1706 2401 latis,
1725 2359 1751 2393 si
1769 2361 1840 2404 qui-

1101 2418 1159 2449 bus
1185 2415 1432 2459 quomodolibet
1456 2414 1632 2448 innodatus
1656 2413 1773 2454 existit,
1797 2414 1838 2448 ad

320 2484 403 2511 mus,
428 2479 458 2505 et
483 2473 559 2514 ipsis
586 2473 684 2505 sancti
712 2473 810 2515 patris
835 2472 938 2505 nostri
965 2472 1058 2504 Frau-
1078 2472 1080 2505 ζ
1102 2470 1249 2503 ‹ets-:ctum
1275 2469 1496 2512 praesentium
1528 2469 1692 2501 dumtaxat
1723 2477 1839 2501 conse-

322 2526 396 2560 cisci
413 2525 671 2557 liencdi‹.·tiouem
689 2526 827 2568 benigne
843 2525 1057 2569 impartimur.

360 2591 367 2616 ¹
393 2587 494 2623 Ncrupe
516 2588 707 2622 cl‹·cmo>3s›u‹s
728 2594 763 2622 tu,
780 2588 827 2622 τ.).

1102 2524 1275 2566 querulum,
1312 2523 1425 2555 harum
1460 2522 1544 2554 serie
1578 2521 1781 2554 absolventes
1807 2526 1840 2553 et

1101 2577 1283 2608 absolutum
1322 2576 1390 2608 sore
1426 2579 1607 2618 censentes,
1631 2572 1839 2617 supplicatio-
