2111 3157
0 226 47 253 An.
69 224 99 252 C.
121 221 185 251 1080

18 597 138 617 Exordium.

17 958 90 978 Preces
102 958 170 978 Caroli

2 990 44 1010 eps
62 985 170 1006 catholici.

19 2159 93 2180 Annuit
103 2158 173 2180 Ponti·

764 223 975 248 tY;§:cffi<33<Tit·s
997 225 1026 247 XI
1053 222 1101 248 W.

1596 210 1660 242 2537
1699 223 1748 248 An.
1766 223 1794 248 c.
1814 224 1880 251 11'82]

227 271 365 305 eiusdem
386 270 519 306 Ordinis
536 272 577 305 (ιᾶ
591 273 776 305 universum
798 272 914 304 clerum
935 280 938 295 ¹
958 282 1019 313 que
1046 272 1141 304 nobis
1165 271 1333 304 humiliter
1355 270 1507 314 porrexit,
1535 270 1691 303 favorabi-

226 335 394 365 reqnorwa
420 326 657 368 Hispaniarum
683 329 711 357 el
732 324 915 368 provincia-

225 387 299 409 rum
323 379 407 420 reyis
430 378 591 410 catholic-i.

374 465 567 492 Innocentius
587 465 664 497 Papa
681 464 730 495 xt,

303 509 338 536 ad
359 513 531 543 perpetuam
550 509 593 535 rei
613 508 794 534 memoriam.

228 587 484 619 Orthodoxorum
510 597 621 628 regum
644 587 682 619 de
699 585 841 618 Ecclesia
858 584 911 616 Dei

183 639 290 671 multis
305 638 490 670 nominibus
507 639 627 679 optime
646 638 833 669 meritorum
852 642 913 667 stu-

183 691 234 722 dia
259 691 297 722 ad
321 691 574 733 promovendam
600 690 632 721 in
657 690 721 721 suis
750 688 857 730 regnis
881 693 913 720 et

183 742 357 774 ditionibus
382 742 536 784 pietatem
556 741 761 773 laudabiliter
778 741 912 772 tenden-

182 794 225 825 tia
243 796 374 835 paterna
388 794 542 825 charitate
560 794 699 825 libenter
716 793 910 829 exaudimus,

182 856 218 877 ac
245 845 406 878 favoribus
426 851 457 878 et
477 846 588 887 gratiis
613 845 842 888 prosequimur
857 854 912 886 op-

181 898 342 940 portunis.

226 951 240 992 ἓ
264 951 295 983 t.
322 951 397 983 Cum
422 951 541 993 itaque,
562 950 644 982 sicut
667 960 725 992 pro
751 954 842 992 parte
861 959 910 980 ea-

183 1002 300 1034 rissimi
326 1003 356 1034 in
383 1003 509 1035 Christo
535 1002 589 1034 tilii
615 1002 718 1034 Caroli
743 1001 910 1042 Hispania-

180 1065 250 1086 rum
274 1055 360 1097 regis
385 1055 536 1087 catholici
558 1055 651 1086 nobis
675 1064 735 1096 per
760 1054 908 1085 dilectum

180 1108 281 1140 silium
299 1108 441 1140 nobilem
459 1108 561 1139 virum
575 1107 747 1149 Gasparem
767 1107 805 1138 (lc
826 1106 909 1138 llaro

180 1170 198 1202 y
223 1160 370 1198 thaman,
390 1160 608 1192 marchionem
635 1160 674 1191 de
700 1159 825 1201 Carpio,
849 1169 909 1200 pro

181 1213 293 1244 eodem
318 1212 432 1244 Carolo
452 1222 528 1253 rege
554 1212 637 1254 apud
659 1222 715 1243 nos
740 1217 771 1243 ct
794 1211 907 1243 Sedent

182 1264 396 1306 Apostolicam
414 1270 588 1303 oratorem,
605 1274 709 1306 nuper
727 1264 908 1306 expositum

180 1316 246 1355 tuit,
272 1316 341 1359 ipse
374 1316 504 1348 Carolus
529 1327 581 1348 rex
606 1326 666 1358 pro
691 1326 818 1348 summo
844 1316 911 1358 pie—

180 1369 254 1400 tatis
280 1369 398 1407 studio,
416 1379 478 1411 quo
497 1369 729 1400 sanctissimam
748 1368 910 1410 Yirginein

180 1421 234 1452 Dei
261 1421 447 1462 genitricem
473 1421 600 1452 Mariam
626 1421 841 1463 prosequitur,
868 1421 911 1451 sc-

180 1478 264 1504 stum
289 1473 434 1505 eiusdem
459 1473 663 1505 beatissimae
687 1472 825 1514 Virginis
851 1472 912 1504 Ma-

180 1526 246 1558 riae
270 1525 308 1557 de
334 1525 500 1563 Mercede,
525 1536 596 1557 cum
627 1525 723 1557 missa
752 1531 784 1557 ct
807 1525 911 1557 officio

181 1578 315 1620 proprio
331 1578 390 1610 sub
407 1578 469 1609 ritu
488 1577 620 1619 duplici,
638 1577 753 1619 quibus
769 1577 910 1619 religiosi

181 1631 308 1663 Ordinis
333 1631 371 1663 de
398 1631 542 1663 Mercede
563 1630 796 1673 redemptionis
816 1630 911 1673 capti-

180 1695 292 1716 vorum
318 1695 353 1716 ex
378 1684 501 1716 indulto
525 1683 615 1716 Sedis
640 1684 856 1725 Apostolicae,
881 1689 909 1715 ot

181 1737 267 1769 iuxta
291 1736 556 1779 approbationem
592 1736 686 1768 officii
724 1736 909 1768 huiusmodi

181 1790 306 1823 noviter
338 1800 355 1821 a
386 1789 641 1830 Congregatione
677 1788 909 1821 venerabilium

183 1843 314 1875 fratrum
338 1841 570 1877 nostrorum‘S.
588 1841 623 1872 R.
643 1841 676 1873 E.
700 1841 909 1873 cardinalium

182 1894 278 1926 sacris
312 1894 425 1926 ritibus
461 1893 717 1936 praepositorum
750 1893 801 1926 die
834 1904 910 1926 xvu1

182 1947 287 1978 martii
308 1946 450 1989 proxime
468 1946 631 1988 praeteriti
651 1945 856 1983 emauatam¹‚
876 1957 911 1977 u-

183 2003 304 2037 tuntur,
320 1998 352 2030 in
371 1999 520 2031 omnibus
543 1998 767 2040 hispaniarum
789 1998 910 2040 regnis,

183 2050 381 2089 ditionibus,
413 2050 565 2083 dominiis
597 2056 629 2082 et
652 2050 826 2092 provinciis
851 2050 909 2081 sibi

182 2103 334 2136 subiectis
351 2103 522 2146 quotannis
546 2103 709 2136 celebrare
731 2113 826 2145 posse
844 2104 912 2146 plu-

184 2156 296 2187 rimum
321 2155 499 2188 desideret:
517 2165 586 2194 nos,
606 2155 668 2198 piis
694 2156 836 2188 eiusdem
858 2156 909 2188 Ca-

184 2208 244 2241 roli
269 2208 352 2250 regis
376 2208 458 2240 votis
484 2213 516 2240 et
539 2207 828 2250 supplicationibus
853 2219 912 2240 no-

184 2259 233 2292 his
252 2271 349 2302 super
374 2261 434 2293 hoc
458 2260 626 2292 humiliter
649 2260 816 2302 porrectis,
843 2260 912 2303 qui-

184 2313 244 2344 bus
259 2312 355 2344 etiam
372 2318 578 2345 accesserunt
594 2322 708 2354 preces
730 2312 838 2344 dilecti
856 2312 911 2344 tilii

185 2364 310 2407 losepbi
336 2364 429 2397 Linas
454 2365 487 2396 in
511 2367 602 2397 sacra
627 2364 791 2407 theologia
816 2365 913 2407 magi-

185 2416 255 2456 stri,
271 2416 345 2449 dicti
362 2416 489 2449 Ordinis
507 2417 723 2459 procuratoris
742 2417 913 2459 generalis,

186 2479 264 2511 quas
288 2469 432 2502 eiusdem
455 2469 582 2502 Ordinis
608 2480 706 2512 super
723 2472 760 2502 ea
776 2480 810 2502 re
837 2480 914 2513 quo-

220 2582 233 2611 1
254 2581 326 2610 Edit.
343 2582 424 2610 Main.
440 2583 506 2618 legit
520 2584 648 2611 emanati
661 2585 698 2619 (n.
715 2583 765 2618 Τ.)-

958 323 1032 355 liter
1056 329 1211 366 quantum
1245 335 1316 356 cum
1351 324 1484 357 Domino
1517 334 1688 367 possumus

956 385 1098 408 annuere
1134 376 1325 418 cupientes,
1362 376 1400 408 de
1439 382 1688 410 memoratorum

956 427 1165 460 cardinalium
1180 428 1324 467 consilio,
1340 433 1373 460 ut
1390 429 1486 461 missa
1502 434 1532 461 et
1549 430 1688 463 officium

957 478 1140 511 huiusmodi
1167 480 1223 511 sub
1245 481 1306 512 ritu
1333 481 1453 523 duplici
1480 481 1617 524 singulis
1635 493 1689 515 an-

956 529 1004 561 nis
1022 531 1183 563 dominica
1202 533 1388 574 proximiori
1407 534 1547 566 calendis
1564 535 1687 576 augusti

955 581 994 611 ab
1013 582 1163 613 omnibus
1187 583 1356 625 utriusque
1383 595 1476 617 sexus
1502 586 1688 619 christifide—

956 632 1053 671 libus,
1076 639 1138 665 tam
1163 635 1382 667 saecularibus
1407 647 1500 678 quam
1532 639 1687 680 regutari-

955 685 1033 722 bus,
1061 685 1113 726 qui
1140 686 1177 717 ad
1205 687 1300 718 boras
1326 689 1497 721 canonicas
1523 695 1686 731 tenentur,

954 736 985 768 in
1012 738 1162 770 omnibus
1187 739 1408 781 Hispaniarum
1434 743 1563 783 regnis,
1592 743 1687 775 ditio-

956 790 1060 829 nibus,
1092 791 1241 824 dominiis
1267 799 1298 825 et
1322 794 1493 836 provinciis
1521 796 1685 837 praedicto

954 841 1069 875 Carolo
1095 843 1161 885 regi
1187 845 1349 884 subiectis,
1372 846 1527 878 celebrari
1553 852 1584 879 et
1608 849 1687 881 reci-

955 894 1011 926 tari
1037 897 1213 937 respective
1240 897 1340 929 libere
1359 903 1390 930 et
1406 898 1490 931 licite
1516 900 1688 942 possintet.

955 947 1098 983 valcant.
1125 949 1313 981 auctoritate
1347 951 1545 992 apostolica,
1575 958 1685 985 tenore

954 999 1182 1039 praesentium,
1197 1001 1404 1035 concedimus
1422 1009 1452 1035 et
1470 1004 1683 1046 indulgemus.

996 1053 1010 1094 ξ
1036 1052 1066 1084 ⁶2.
1096 1053 1312 1086 Deccrnentes
1337 1056 1466 1088 casdem
1493 1063 1686 1098 praesentes

953 1104 1074 1136 litteras
1106 1116 1234 1148 semper
1254 1106 1369 1146 firmas,
1387 1108 1507 1140 validas
1525 1114 1556 1141 et
1579 1110 1687 1142 ostica-

952 1166 1004 1187 ces
1035 1157 1170 1189 existere
1195 1164 1226 1189 ct
1251 1158 1334 1197 sore,
1357 1169 1494 1202 suosque
1521 1162 1687 1203 plenarios

952 1215 983 1240 et
1006 1209 1149 1250 integros
1180 1210 1310 1242 etl'ectus
1340 1212 1448 1243 sortiri
1471 1218 1502 1245 et
1528 1213 1685 1253 obtinere,

953 1271 987 1291 ac
1006 1261 1080 1297 illis,
1098 1261 1135 1293 ad
1154 1272 1234 1303 quos
1259 1268 1383 1304 spectat
1407 1268 1439 1295 et
1463 1275 1522 1306 pro
1541 1270 1685 1308 tempore

952 1313 1122 1354 spectabit,
1155 1314 1343 1356 plenissime
1368 1316 1548 1358 suffragari,
1574 1319 1685 1360 sicque

954 1365 985 1395 in
1015 1366 1200 1407 praemissis
1230 1377 1290 1409 por
1321 1379 1540 1412 quoscumque
1565 1371 1685 1403 iudices

954 1418 1134 1450 ordinarios
1148 1424 1179 1451 et
1199 1420 1379 1461 delegatos,
1395 1422 1488 1454 etiam
1515 1433 1684 1455 causarum

955 1470 1063 1511 palatii
1096 1472 1265 1513 apostolici
1291 1473 1470 1514 auditores,
1497 1474 1628 1507 iudicari
1656 1481 1686 1508 et

955 1521 1080 1554 deliniri
1114 1523 1246 1563 debere,
1270 1534 1305 1556 ac
1337 1525 1461 1558 irritum
1484 1532 1515 1559 et
1539 1527 1635 1560 inane
1661 1528 1686 1561 si

955 1585 1045 1607 secus
1071 1586 1168 1618 super
1192 1576 1241 1608 bis
1264 1587 1281 1608 a
1305 1587 1479 1620 quoquam,
1498 1580 1608 1622 quavis
1633 1591 1688 1613 au-

953 1628 1268 1666 ctoritate‚scienter
1291 1631 1339 1662 vel
1365 1630 1563 1673 ignoranter,
1587 1633 1688 1665 conti-

955 1681 1038 1721 gerit
1062 1681 1226 1713 attentari.

997 1733 1011 1772 ,ἓ
1035 1732 1066 1765 3.
1093 1732 1161 1765 Non
1181 1733 1384 1768 obstantibus
1401 1737 1686 1770 constitutionibus
1699 1749 1808 1770 obstantia
1819 1749 1879 1770 tona.

954 1791 983 1817 et
1008 1787 1263 1820 ordinationibus
1288 1791 1482 1832 apostolicis,
1501 1793 1685 1836 ceterisque

954 1838 1125 1871 contrzu‘iis
1152 1840 1425 1885 quibuscumque.

997 1892 1010 1932 ᾗ
1036 1890 1066 1922 4.
1094 1891 1246 1924 Volumus
1272 1898 1377 1926 autem
1406 1900 1440 1926 ut
1464 1896 1686 1937 praesentium

954 1942 1130 1975 litterarum
1162 1946 1374 1988 transumptis
1389 1973 1396 1986 ,
1420 1956 1476 1979 seu
1509 1949 1664 1990 exemplis
1679 1975 1687 1987 ,

953 1995 1049 2027 etiam
1074 1995 1258 2039 impressis,
1286 2008 1383 2030 manu
1409 2000 1544 2033 alicuius
1567 2001 1687 2034 notarii

954 2048 1076 2090 publici
1103 2049 1311 2092 subscriptis,
1335 2056 1367 2082 et
1390 2051 1499 2094 sigillo
1523 2063 1685 2096 personae

954 2101 1156 2143 indignitate
1171 2103 1392 2136 ecclesiastica
1410 2106 1602 2139 constitutae
1617 2117 1688 2140 mu-

955 2153 1053 2192 nitis,
1085 2155 1199 2187 eadem
1225 2166 1362 2197 prorsus
1387 2155 1468 2189 sides
1493 2158 1613 2201 ubique
1640 2160 1687 2192 lo-

955 2217 1065 2239 corum
1096 2212 1156 2239 tam
1175 2208 1206 2239 in
1232 2208 1352 2241 iudicio
1379 2220 1475 2253 quarn
1501 2216 1589 2243 extra
1608 2211 1687 2245 illud

957 2259 1134 2297 habeatur,
1166 2270 1248 2302 quae
1282 2261 1460 2294 baberetur
1488 2262 1566 2306 ipsis
1596 2274 1689 2307 prac-

954 2312 1100 2344 seutibus
1125 2312 1151 2344 si
1177 2313 1285 2345 forent
1310 2314 1476 2348 exhibitae
1502 2317 1552 2349 vel
1578 2322 1689 2350 osten—

956 2375 1024 2397 sae.

1000 2418 1111 2451 Datum
1155 2419 1275 2452 Romae
1296 2447 1303 2460 ,
1341 2422 1423 2464 apud
1466 2422 1497 2456 S.
1531 2423 1686 2464 Petrum,

955 2471 1013 2503 sub
1039 2473 1158 2504 annulo
1178 2471 1361 2514 Piscatoris,
1389 2474 1439 2506 die
1469 2485 1507 2508 xv
1534 2474 1689 2508 februarii

956 2533 1099 2556 MDCLxxx
1122 2524 1332 2567 pontificatus
1357 2527 1459 2559 nostri
1485 2538 1570 2560 anno
1586 2539 1628 2561 iv.

992 2584 1048 2612 Dat.
1072 2585 1114 2612 die
1138 2586 1168 2613 15
1186 2586 1315 2614 februarii
1338 2588 1423 2623 1679,
1445 2588 1533 2624 ponti‘
1562 2597 1632 2616 anno
1652 2595 1690 2618 tv.

1724 1069 1844 1091 ctam-ntae.

1737 1906 1880 1932 rmum-upti-

1698 1933 1758 1953 tidem
1774 1933 1840 1953 addit.
