2111 3157
0 269 16 286 t.
30 254 61 285 C.
82 255 148 284 1688

733 255 942 281 INNOCENTU'S
964 256 993 279 XI
1018 256 1067 280 [³1⁷.

154 304 358 338 considerata
389 305 557 339 domorum
581 305 755 345 facultate,
788 306 882 338 tatem

155 357 201 390 eis
237 357 270 390 in
305 358 499 401 recipiendis
534 359 683 402 personis
715 368 883 390 numerum

130 412 137 416 ”
152 410 342 454 praefigere,
360 421 455 454 quem
475 412 598 455 absque
619 411 802 454 gravamine
820 421 884 443 sus-

153 467 277 496 tentare
304 465 447 505 valeant;
480 465 513 498 in
537 476 601 509 quo
633 475 765 497 numero
790 464 883 497 etiam

153 516 292 549 novitiae
318 521 348 549 et
367 527 540 550 conversae
573 521 816 560 computantur,
843 516 885 548 di-

152 568 263 601 stricte
281 574 385 602 autem
404 570 599 610 inhibemus,
612 575 644 602 et
657 570 714 601 sub
728 568 885 612 sequenti-

153 621 214 654 bus
239 622 364 664 poenis,
395 622 531 662 vicariis,
565 622 729 665 priorissis
762 621 885 653 monia-

154 674 233 706 lium
257 680 289 707 et
313 674 510 707 monialibus
545 673 705 706 universis
723 700 730 713 ,
756 683 796 706 ne
828 673 886 705 ali-

127 758 131 761 .
154 737 249 769 quam
262 727 329 760 ullo
348 732 494 770 tempore
508 728 592 760 ultra
605 726 815 760 constitutum
828 735 886 768 per

153 779 335 812 visitatores
358 790 534 819 numerum,
553 781 602 812 vel
627 781 711 812 ultra
735 788 830 821 quam
847 779 885 810 vi-

155 841 208 864 res
245 841 354 864 earum
390 842 448 864 seu
487 832 655 864 facultates
687 835 859 873 suppetant
878 856 884 868 ‚

155 884 268 927 quovis
291 884 387 917 modo
403 884 572 927 recipiant,
592 888 645 916 ant
661 889 695 915 ut
711 882 887 925 recipiatur

155 937 371 970 consentiant.

198 998 264 1022 xiv.
290 988 328 1021 Et
351 998 392 1022 ne
423 999 482 1032 per
505 999 559 1029 se,
585 994 639 1022 aut
662 987 886 1030 interpositam

156 1050 392 1083 quamcumque
424 1051 596 1084 personam
638 1039 886 1073 ecclesiasticam

157 1098 211 1125 aut
235 1095 442 1133 saecularem,
469 1094 580 1137 quovis
605 1093 750 1137 quaesito
779 1093 887 1125 medio

155 1146 205 1178 vel
230 1147 346 1185 colore,
382 1157 400 1179 a
432 1147 572 1189 capitulo
597 1151 709 1182 nostro
743 1145 886 1188 generali

156 1208 214 1231 seu
238 1199 415 1232 reverendo
439 1205 529 1242 patre
547 1209 605 1242 pro
623 1198 690 1231 eius
709 1199 758 1231 vel
778 1208 887 1230 earum

156 1251 358 1294 receptione,
380 1257 493 1284 contra
511 1252 643 1284 formam
669 1250 765 1284 edicti
791 1250 887 1283 huius

158 1309 189 1337 et
214 1304 432 1345 inhibitionis,
458 1305 620 1338 licentiam
644 1305 693 1338 vel
718 1304 889 1337 auctorita-

158 1363 222 1390 tem
239 1362 359 1400 petant.

202 1419 254 1443 xv.
274 1405 362 1447 Quod
383 1410 408 1442 si
429 1420 520 1442 secus
536 1410 634 1453 (quod
649 1409 745 1452 absit)
759 1410 887 1449 factum,

158 1465 402 1505 praesumptum
443 1469 497 1495 aut
541 1468 733 1495 attentatum
778 1463 887 1502 fuerit,

158 1515 230 1548 talis
254 1516 399 1559 receptio
424 1517 512 1549 nulla
536 1517 597 1548 erit
622 1522 654 1548 et
679 1515 805 1558 penitus
843 1516 890 1547 in-

161 1568 273 1608 valida,
291 1574 452 1612 tamquam
467 1569 548 1602 facta
565 1575 675 1603 contra
692 1570 889 1601 voluntatem

159 1621 236 1654 dicti
272 1622 405 1665 capituli
437 1626 467 1654 et
502 1626 614 1654 contra
646 1622 780 1654 formam
813 1621 889 1654 iuris

159 1674 336 1707 communis
362 1679 393 1707 et
417 1674 678 1707 constitutionem
704 1674 809 1707 bonae
827 1684 891 1706 me-

158 1728 279 1760 moriae
315 1727 436 1760 domini
474 1727 630 1760 Bonifacii
656 1727 741 1770 Papa
764 1727 828 1760 vttt
860 1732 892 1759 et

160 1780 242 1812 sacri
267 1779 402 1812 Concilii
429 1779 618 1820 Tridentini,
646 1785 676 1812 et
700 1790 795 1823 quam
822 1790 889 1818 nos,

161 1838 317 1875 quatenus
343 1843 424 1876 opus
445 1837 501 1872 est,
519 1843 554 1864 ex
573 1843 659 1865 nunc
679 1843 839 1866 cassamus
862 1838 894 1865 et

160 1885 331 1926 irritamus,
355 1896 409 1918 seu
428 1896 559 1925 cassam,
579 1886 699 1918 nullam
718 1891 749 1919 et
769 1885 891 1918 irritam

162 1938 376 1971 declaramus.

204 2002 268 2025 xv1.
294 1991 332 2024 Et
348 1990 556 2023 nihilominus
578 1991 630 2034 qui
651 1992 700 2024 vcl
719 2001 799 2034 quae
817 2001 893 2023 con-

161 2038 212 2077 tr'a
242 2043 424 2076 huiusmodi
462 2049 607 2076 nostram
644 2044 891 2084 ordinationem,

152 2097 361 2144 *voluntatem
380 2101 411 2129 et
428 2096 654 2129 inhibitionem
687 2097 827 2139 aliquam
843 2098 893 2129 vel

163 2149 287 2192 aliquas
312 2149 344 2181 in
370 2149 478 2191 aliqua
511 2149 682 2181 domorum
715 2149 896 2191 praedicta-

163 2212 233 2235 rum
257 2201 450 2245 receperint,
477 2206 530 2233 aut
555 2200 586 2232 in
607 2201 675 2234 eius
706 2206 760 2233 aut
784 2212 893 2233 earum

164 2255 352 2298 receptione
377 2264 579 2293 consensum,
604 2254 757 2286 auxilium
781 2255 830 2286 vel
856 2255 895 2286 fa-

166 2318 273 2341 vorem
290 2307 509 2350 praebuerint‚
529 2306 648 2346 vicarii,
669 2306 843 2349 priorissae
864 2312 895 2339 et

165 2361 263 2393 ceteri
295 2359 448 2392 officiales
480 2369 497 2391 a
519 2359 583 2391 suis
615 2358 810 2391 obedientiis
842 2359 896 2391 ab·

165 2413 339 2445 solvantur.
374 2411 527 2445 Moniales
553 2421 638 2451 vero,
664 2410 688 2443 si
716 2412 777 2444 hoc
812 2412 895 2444 sece-

164 2465 238 2506 rint,
264 2465 327 2497 sint
351 2465 383 2497 in
409 2464 578 2508 disciplina
604 2463 747 2506 generali
772 2464 812 2497 ad
839 2464 896 2497 Or-

166 2517 250 2550 dinis
269 2519 477 2550 voluntatem.

208 2580 283 2603 xvu.
309 2570 339 2602 Si
365 2580 456 2609 vcro,
483 2579 541 2612 pro
567 2569 652 2602 illius
690 2569 738 2601 vet
764 2568 891 2601 illarum

926 308 958 335 et
982 314 1076 347 supra
1107 302 1190 336 vires
1223 308 1253 336 et
1285 302 1450 335 facultates
1483 312 1571 342 snas,
1597 312 1657 344 per

926 357 1075 388 nuntium
1103 361 1157 389 aut
1173 356 1297 389 litteras
1316 355 1472 399 petierint
1492 355 1657 387 licentiam

927 420 984 453 per
1009 421 1042 443 se
1068 412 1117 443 vel
1143 411 1286 454 quamvis
1311 411 1406 443 aliam
1431 408 1655 452 interpositam

927 473 1111 505 personam,
1137 464 1187 496 vel
1212 463 1237 495 si
1262 463 1384 495 litteras
1409 473 1426 495 a
1450 462 1657 504 quibuscum-

927 525 989 557 que
1015 516 1227 558 prineipibus,
1255 515 1394 548 dominis
1429 513 1656 547 ecclesiasticis

928 569 977 600 vel
1009 568 1237 607 saecularibus,
1263 573 1316 600 aut
1340 567 1420 606 aliis,
1447 567 1659 599 comminato-

927 621 989 652 rias
1014 621 1062 653 vel
1089 620 1329 663 deprecatorias
1354 620 1392 652 ad
1409 620 1585 662 capitulum
1607 629 1659 661 ge-

928 674 1037 706 nerale
1055 673 1101 705 vel
1119 674 1262 716 priorem
1277 673 1466 706 Carthusiae
1485 677 1660 715 propterea

928 725 1138 765 obtinuerint,
1164 726 1286 768 quoties
1304 725 1335 757 id
1355 725 1498 763 fecerint,
1517 735 1575 767 per
1596 729 1659 756 tres

929 788 1057 812 menses
1081 777 1227 810 ordinem
1248 778 1281 809 in
1305 777 1497 809 victualibus
1515 777 1583 809 sine
1606 777 1661 808 mi-

929 829 1103 862 sericordia
1125 835 1266 861 teneant.

974 891 1062 914 xvttt.
1089 881 1127 913 Et
1147 887 1180 913 ut
1196 881 1330 914 materia
1351 892 1408 913 seu
1426 881 1554 914 occasio
1572 892 1662 924 prae-

930 933 1094 966 scindatur
1118 935 1197 966 tales
1222 934 1427 976 receptiones
1451 934 1586 966 ulterius
1619 935 1662 966 fa-

930 987 1035 1018 ciendi
1062 988 1109 1019 vel
1134 987 1352 1030 procurandi,
1378 987 1577 1025 inhibemus,
1602 987 1660 1019 sub

931 1039 1015 1072 dieta
1039 1042 1155 1082 poena,
1183 1040 1313 1073 tenendi
1340 1039 1490 1073 videlicet
1514 1040 1662 1073 ordinem

930 1092 963 1124 in
988 1092 1179 1125 victualibus
1209 1103 1268 1135 per
1293 1098 1355 1125 tres
1379 1103 1518 1132 menses,
1552 1103 1591 1125 ne
1629 1093 1661 1127 in

931 1144 1081 1177 dontibus
1104 1146 1278 1188 praedictis
1301 1145 1368 1178 ullo
1389 1145 1484 1178 modo
1504 1145 1663 1188 recipian-

933 1202 982 1229 tur
1006 1198 1132 1240 aliquae
1166 1198 1298 1230 iuvenes
1331 1198 1458 1240 puellae
1491 1208 1547 1231 seu
1578 1198 1661 1230 filiae

932 1252 964 1284 in
990 1252 1102 1284 habitu
1138 1251 1295 1284 saeculari
1325 1262 1383 1294 pro
1420 1250 1537 1283 litteris
1572 1250 1662 1283 addi-

931 1304 1078 1343 scendis·,
1098 1314 1156 1336 nec
1176 1303 1296 1346 pariter
1311 1303 1511 1346 recipiantur
1535 1303 1661 1345 aliquae

932 1357 992 1389 sub
1017 1367 1073 1399 spe
1113 1366 1169 1388 sen
1195 1355 1392 1388 confidentia
1416 1365 1468 1387 eas
1503 1354 1542 1387 ad
1574 1355 1664 1387 liabi-

934 1414 1000 1441 tum
1021 1408 1148 1441 Ordinis
1173 1408 1289 1441 deinde
1314 1407 1509 1450 recipiendi·‚
1536 1407 1591 1440 sed
1610 1407 1664 1439 ad-

933 1461 1102 1493 mittantur
1134 1465 1256 1495 tantum
1289 1461 1486 1503 postulantes
1520 1470 1590 1495 cum
1624 1460 1663 1492 ad

934 1514 1040 1546 minus
1065 1513 1376 1557 quintumdecimum
1408 1522 1525 1545 annum
1551 1512 1665 1554 attige-

933 1567 1013 1607 rint;
1033 1577 1091 1600 nec
1109 1573 1213 1599 tamen
1230 1566 1357 1598 habitus
1377 1565 1504 1598 Ordinis
1525 1566 1570 1598 eis
1588 1576 1665 1598 con-

934 1621 1067 1653 cedatur
1105 1625 1179 1653 ante
1221 1618 1508 1652 sextumdecimum
1544 1629 1664 1651 annum

933 1675 1106 1718 inceptum.

978 1738 1045 1760 xtx.
1071 1727 1164 1760 Nulla
1194 1726 1344 1759 monialis
1374 1731 1448 1758 ante
1483 1724 1666 1757 sextumde-

935 1780 1051 1813 cimum
1091 1790 1208 1813 annum
1243 1779 1446 1821 completum,
1484 1788 1544 1810 nec
1584 1787 1664 1820 quae

935 1834 1060 1866 minore
1087 1838 1233 1875 tempore
1259 1841 1354 1874 quam
1373 1841 1432 1874 per
1457 1841 1575 1863 annum
1595 1840 1667 1862 con-

935 1887 1058 1919 tinuum
1077 1890 1153 1929 post
1172 1888 1357 1927 susceptum
1378 1883 1523 1916 habitum
1542 1883 1573 1915 in
1592 1893 1666 1926 pro-

934 1940 1064 1972 batione
1096 1938 1229 1977 steterit,
1263 1937 1302 1970 ad
1337 1936 1573 1980 professionem
1610 1936 1665 1968 ad-

936 1993 1080 2025 mittatur
1105 1992 1170 2033 (a);
1189 1990 1347 2033 professio
1370 1995 1473 2022 autem
1492 1995 1564 2021 ante
1583 1989 1664 2021 facta

937 2045 976 2078 sit
1001 2045 1100 2083 nulla,
1126 2044 1314 2085 nullamque
1344 2042 1473 2074 inducat
1498 2041 1668 2083 obligatio-

936 2108 1008 2130 nem
1034 2096 1072 2129 :ul
1097 2095 1234 2128 alicuius
1258 2093 1425 2139 religionis
1460 2094 1508 2125 vel
1540 2093 1667 2125 Ordinis

936 2147 1186 2187 observantiam,
1211 2152 1264 2179 aut
1284 2147 1322 2179 ad
1340 2146 1419 2179 alios
1445 2155 1667 2188 quoscumque

937 2201 1076 2235 effectus.
1102 2200 1194 2233 Nulla
1218 2199 1314 2232 etiam
1340 2198 1489 2231 monialis
1522 2202 1596 2230 ante
1621 2197 1667 2230 vi·

937 2253 1241 2297 gesimumquintum
1284 2261 1402 2284 ann‘un
1446 2255 1665 2282 consacretur.

937 2308 974 2340 Et
998 2313 1031 2340 ut
1055 2307 1143 2339 nulla
1159 2306 1300 2348 ipsarum
1317 2314 1349 2337 se
1368 2314 1428 2347 per
1451 2303 1667 2345 ignorantiam

937 2369 1088 2392 excusare
1112 2359 1233 2396 valeat,
1260 2356 1448 2390 ordinamus
1473 2355 1556 2397 quod
1579 2365 1668 2397 prae·

937 2422 1012 2444 sens
1038 2411 1120 2444 haec
1144 2414 1255 2442 nostra
1285 2407 1471 2441 constitutio
1497 2412 1530 2439 et
1554 2407 1668 2449 prohi-

937 2464 1016 2496 bitio
1052 2463 1098 2496 eis
1133 2462 1166 2494 in
1203 2460 1343 2504 capitulo
1381 2470 1490 2493 earum
1530 2460 1665 2502 legatur,

937 2515 1064 2558 quoties
1100 2514 1145 2547 eis
1176 2513 1294 2557 legitur
1325 2517 1412 2545 carta
1443 2512 1664 2544 visitatorum:

972 2586 1000 2613 α)
1020 2584 1155 2611 Professio
1176 2584 1232 2619 ipsa
1252 2583 1333 2610 debet
1358 2583 1442 2609 emitti
1463 2582 1551 2617 lingua
1570 2590 1658 2609 veina·

165 2622 350 2667 receptione
381 2623 465 2655 ultra
490 2622 697 2655 constitutum
723 2630 891 2653 numerum
934 2629 1003 2655 cula.

1555 244 1618 277 909
1665 254 1716 281 An.
1733 254 1762 281 c.
1782 253 1849 281 ¹088
