2111 3157
193 211 242 234 An.
259 207 286 233 C.
310 207 376 234 ts288
423 203 486 233 8⁰28

383 256 501 290 Christi
539 268 651 290 omnes
686 262 718 289 et
750 257 894 298 singulos
929 256 1056 299 priores
1090 262 1121 288 et

382 310 563 343 visitatores
589 310 686 342 nostri
713 309 862 348 Ordinis,
894 314 930 341 ut
954 309 986 341 in
1012 309 1063 341 his
1089 315 1121 341 et

381 363 452 396 aliis
490 363 586 395 etiam
619 363 771 395 omnibus
804 373 936 394 suorum
966 362 1119 394 subdito-

382 426 453 448 rum
479 415 727 448 necessitatibus
753 426 788 447 ac
813 415 898 447 veris
928 415 1117 457 indigentiis

379 468 608 506 sublevandis,
633 473 790 510 quantum
817 468 982 500 facultates
1006 468 1118 500 domo-

378 530 448 552 rum
473 520 661 563 patiuntur,
684 531 756 552 cum
788 521 875 553 omni
902 520 1060 553 charitate
1086 527 1117 553 et

377 572 635 615 promptitudine
654 583 688 605 se
708 573 818 605 faciles
843 573 1037 606 exhibeant:
1058 584 1117 606 nec

377 626 510 671 omnino
541 626 574 658 in
600 626 663 658 hoc
694 626 862 669 patiantur
898 637 931 659 se
957 626 1040 659 iuste
1066 637 1117 659 re-

374 679 537 720 prehendi
563 690 671 722 posse.

419 742 460 764 1v.
488 732 536 764 Ad
562 733 681 765 lectum
706 743 771 766 non
803 733 926 766 utimur
957 734 1115 767 linteami-

374 784 471 817 nibus
504 785 611 825 lineis,
642 787 700 819 sed
731 787 835 820 laneis
873 787 1037 820 dumtaxat
1077 798 1114 820 ex

373 838 484 880 atiquo
510 849 624 880 grosso
650 850 758 882 panno
783 840 919 883 patriae,
940 851 999 874 nec
1021 841 1112 873 lectis

372 890 523 932 plumeis,
543 897 598 924 aut
621 892 734 925 matris
754 903 812 925 seu
837 894 1034 932 mattalatiis‚
1057 894 1111 926 sed

371 945 528 977 stramine
555 956 610 977 seu
643 946 745 989 paleis
771 947 977 980 solummodo
994 974 1001 986 ‚
1027 948 1112 980 intra

371 1006 515 1029 crassam
545 1003 577 1030 et
602 1008 750 1041 asperam
782 1000 923 1042 aliquam
956 1001 1053 1033 telam
1079 1001 1110 1032 in

370 1050 502 1083 modum
529 1051 613 1084 sacci
639 1052 784 1091 inclusis,
804 1053 969 1085 autetiam
994 1055 1112 1086 solum-

370 1103 471 1136 modo
497 1104 639 1146 desuper
667 1106 834 1148 coopertis
868 1106 914 1138 vel
950 1116 1010 1149 pro
1035 1117 1112 1139 con-

369 1157 542 1189 suetudine
587 1158 826 1199 provinciarum
872 1159 962 1191 tectis
1001 1170 1110 1202 panno

369 1209 528 1242 crassiore
554 1210 675 1253 aliquo.
696 1211 734 1243 Et
758 1218 888 1254 praeter
909 1212 989 1244 haec
1014 1213 1111 1246 habe-

369 1271 441 1293 mns
468 1262 562 1294 etiam
584 1263 732 1305 pulvinar
756 1270 788 1296 et
811 1264 987 1297 linteamen
1011 1275 1109 1297 unum

369 1314 500 1346 laneum
527 1325 564 1347 ex
589 1326 697 1357 panno
723 1327 855 1358 grosso,
881 1323 913 1350 et
940 1324 1110 1360 cooperto-

368 1366 451 1399 rium
479 1368 526 1400 vel
554 1370 761 1410 coopertoria
783 1370 869 1403 iuxta
899 1371 1109 1403 consuetudi-

366 1430 445 1452 nem
472 1421 642 1454 domorum
660 1427 691 1454 et
709 1423 936 1456 necessitatem
955 1434 1108 1466 persona-

365 1482 453 1505 rum.
472 1473 607 1516 Reliqua
626 1480 733 1506 autem
751 1476 905 1508 utensilia
922 1478 1023 1509 cellae
1043 1482 1105 1509 tam

366 1526 407 1558 ad
434 1537 590 1565 mensam,
611 1538 705 1569 quam
731 1528 770 1560 ad
796 1530 878 1561 alios
903 1530 1106 1562 necessarios

365 1589 443 1612 usus
462 1580 580 1612 dentur
603 1581 778 1623 unicuique
809 1587 965 1624 quantum
991 1593 1107 1615 neces-

366 1631 445 1664 sitas
471 1638 502 1665 et
526 1633 627 1672 ratio,
655 1633 774 1666 iudicio
795 1635 928 1678 prioris,
961 1637 1106 1678 postula-

366 1685 481 1718 verint.

409 1749 439 1771 v.
467 1739 504 1772 Et
528 1741 682 1783 quoniam
701 1742 738 1774 ad
758 1752 871 1775 omnes
893 1742 1023 1785 quidem
1042 1753 1106 1776 mo-

364 1793 499 1831 nachos,
525 1794 661 1826 maxime
688 1801 794 1827 tamen
831 1796 869 1828 ad
896 1806 966 1835 nos,
999 1796 1106 1828 humi-

363 1845 489 1878 litatem
526 1847 790 1891 attritionemque
830 1859 1042 1891 pannorum‚
1075 1854 1107 1881 et

364 1899 597 1938 universorum,
617 1900 734 1941 quibus
753 1900 885 1939 utimur,
908 1901 1076 1934 utilitatem
1087 1901 1104 1940 ¹,

364 1958 588 1994 paupertatem
615 1958 646 1984 et
671 1953 890 1986 abiectionem
914 1960 1035 1987 certum
1059 1961 1107 1987 est

365 2005 542 2048 pertinere,
568 2006 767 2048 iniungimus
788 2007 953 2050 prioribus
982 2013 1017 2040 ut
1042 2014 1104 2041 tam

364 2057 396 2089 in
423 2059 597 2091 induendis
623 2070 658 2091 se
684 2060 775 2102 ipsis,
808 2071 902 2103 quam
929 2062 1102 2104 religiosis,

363 2120 429 2142 non
455 2111 535 2143 alios
560 2118 670 2144 emant
687 2114 734 2145 vel
754 2114 814 2145 emi
833 2114 952 2146 saciant
968 2125 1103 2157 pannos,

365 2173 461 2205 quam
496 2174 626 2205 grossos
664 2171 696 2198 et
720 2166 817 2198 rudes
852 2166 940 2199 iuxta
979 2178 1103 2200 morem

364 2216 488 2258 patriae
515 2222 546 2248 et
571 2217 786 2251 intentionem
812 2219 953 2259 Ordinis,
980 2227 1011 2252 et
1037 2231 1104 2253 om-

364 2279 437 2301 nem
464 2270 686 2303 curiositatem
713 2283 749 2304 ac
775 2273 1034 2315 superfluitatem
1057 2284 1105 2305 re-

364 2322 500 2363 ligiosae
525 2323 730 2366 semplicitati
758 2330 789 2357 et
820 2326 1002 2368 paupertati
1029 2336 1105 2358 con-

366 2374 495 2407 trariam
530 2386 546 2407 a
579 2386 612 2408 se
649 2382 680 2408 ct
719 2376 780 2409 sibi
817 2378 955 2410 subditis
992 2389 1101 2411 renio-

365 2433 472 2460 veant.

409 2491 452 2514 vi.
480 2481 658 2524 Propterea
684 2485 782 2517 cellas
816 2485 1020 2525 singulorum
1048 2484 1105 2518 ali-

366 2535 495 2578 quoties
522 2542 776 2577 perscrutentur,
797 2543 829 2570 et
849 2538 873 2569 si
901 2539 978 2581 quid
1005 2539 1037 2570 in
1059 2549 1107 2571 vc-

406 2597 416 2626 1
439 2597 532 2624 Potius
551 2597 609 2633 lege
630 2599 771 2626 vilitatem
790 2607 826 2631 ta.
843 2601 891 2631 ·r.).

977 202 1155 232 nummum
1179 208 1329 233 Romanum

1162 257 1275 296 stibus,
1301 256 1402 295 libris,
1429 257 1622 299 imaginibus
1647 262 1679 290 et
1702 258 1774 292 aliis
1805 263 1900 292 uten-

1162 309 1275 342 silibus
1301 309 1486 342 invenerint
1505 311 1715 353 superfluum,
1734 313 1899 346 curiosum

1162 367 1218 394 aut
1241 362 1469 395 carthusianae
1502 363 1633 395 utilitati
1665 369 1697 396 et
1724 363 1897 398 humilitati

1160 413 1395 455 incongruum,
1422 415 1556 448 omnino
1583 416 1716 456 tollant,
1744 422 1840 460 atque
1864 417 1896 452 in

1160 466 1324 499 utiliorem
1355 478 1447 500 usum
1484 474 1697 509 convertant,
1723 469 1794 503 sine
1831 472 1898 505 ulla

1160 529 1371 560 personarum
1391 521 1625 563 acceptatione.
1643 522 1709 555 Nec
1725 523 1896 567 quisquam

1158 572 1307 603 subditus
1349 579 1532 615 praesumat
1571 574 1645 607 inde
1691 586 1895 611 murmurare

1158 629 1213 655 aut
1238 635 1331 657 suum
1355 626 1559 669 superiorem
1584 627 1785 670 inquietare:
1806 630 1894 670 aliaS,

1158 677 1284 719 quoties
1308 678 1340 711 id
1367 679 1488 719 fecerit,
1515 680 1608 713 toties
1633 681 1671 713 ad
1698 686 1817 715 terram
1842 693 1896 716 co-

1158 730 1281 769 medat,
1321 736 1377 763 aut
1411 731 1504 764 aliter
1540 733 1674 766 arbitrio
1710 734 1827 777 prioris
1853 736 1895 768 ob

1157 792 1245 814 suam
1272 785 1508 817 contumaciam
1530 786 1693 828 puniatur.

1200 847 1255 869 vu.
1283 837 1469 871 Visitatores
1495 840 1591 872 etiam
1623 839 1654 872 in
1680 846 1753 873 actu
1789 842 1896 876 visita-

1158 888 1255 921 tionis
1281 890 1420 923 sollicite
1445 891 1612 934 inquirant
1636 903 1675 925 an
1694 893 1753 927 ista
1780 895 1895 928 obser-

1154 947 1282 982 ventur,
1310 949 1351 983 et,
1377 955 1459 987 quos
1485 945 1668 978 invenerint
1698 947 1891 990 culpabiles,

1154 995 1271 1028 acriter
1308 998 1574 1040 reprehendant,
1596 1003 1696 1042 'atque
1713 1026 1720 1040 ,
1747 1001 1774 1033 si
1810 1012 1892 1044 opus

1155 1047 1261 1087 fuerit,
1285 1050 1473 1092 qualitatem
1500 1052 1598 1094 panni
1624 1052 1711 1085 iuxta
1736 1064 1892 1096 praesens

1154 1106 1308 1134 statutum
1333 1104 1576 1145 praescribant,
1610 1106 1749 1139 scientes
1779 1117 1814 1140 se
1840 1118 1893 1140 sn-

1154 1165 1269 1197 premo
1295 1155 1394 1188 iudici
1421 1157 1597 1190 districtam
1626 1159 1784 1192 rationem
1817 1161 1893 1194 red-

1154 1207 1296 1248 dituros,
1330 1208 1354 1240 si
1387 1209 1418 1241 in
1447 1210 1497 1242 his
1530 1211 1734 1253 negligentes
1770 1212 1892 1246 suerint

1152 1260 1285 1294 inventi.
1312 1262 1349 1294 Et
1373 1262 1447 1295 ideo
1474 1273 1491 1295 a
1515 1273 1549 1296 se
1574 1263 1653 1306 ipsis
1677 1264 1817 1307 primum
1842 1265 1891 1298 in-

1153 1315 1283 1357 cipiant,
1300 1321 1340 1355 et,
1354 1316 1439 1358 quod
1457 1317 1572 1349 volunt
1588 1322 1620 1349 et
1637 1317 1757 1350 debent
1773 1318 1805 1351 in
1816 1319 1889 1352 aliis

1153 1369 1342 1408 reformare,
1370 1370 1400 1401 id
1427 1369 1488 1412 ipsi
1514 1370 1653 1413 primum
1685 1371 1775 1405 sactis
1799 1372 1890 1405 exhi-

1151 1423 1258 1454 beant.
1287 1423 1393 1455 Liceat
1424 1423 1640 1457 nihilominus
1665 1425 1829 1468 prioribus
1857 1431 1890 1459 et

1150 1475 1220 1507 aliis
1246 1476 1436 1508 officialibus
1463 1482 1552 1509 extra
1583 1478 1738 1510 terminos
1770 1488 1889 1512 exeun-

1151 1528 1233 1560 tibus
1270 1534 1375 1561 vestes
1403 1529 1524 1562 habere
1550 1540 1615 1562 non
1640 1530 1794 1564 meliores
1830 1531 1886 1564 sed

1149 1581 1383 1624 aliquantulum
1408 1592 1467 1624 pro
1492 1582 1684 1615 necessitate
1711 1583 1863 1617 leviores.

1192 1645 1260 1667 vlu.
1287 1634 1400 1667 Nullus
1420 1634 1526 1677 prior,
1545 1636 1724 1668 monachus
1749 1637 1799 1669 vel
1817 1647 1888 1670 con·

1150 1698 1259 1720 versus
1283 1688 1383 1720 nostri
1408 1687 1536 1721 Ordinis
1561 1688 1592 1721 in
1617 1689 1734 1723 itinere
1766 1691 1888 1724 consti-

1150 1746 1235 1773 tutus
1270 1741 1457 1774 mantellum
1483 1742 1682 1775 saecularem
1725 1752 1782 1776 seu>
1811 1754 1887 1786 cap-

1148 1805 1220 1837 pam
1247 1805 1263 1826 a
1289 1794 1419 1837 caputio
1444 1800 1625 1838 separatam
1643 1800 1772 1838 portare
1792 1806 1887 1839 prae·

1148 1853 1259 1886 sumat,
1287 1848 1347 1880 nisi
1366 1854 1500 1890 propter
1516 1847 1718 1881 imminentia
1737 1849 1886 1892 pericula

1148 1901 1315 1933 evitanda:
1342 1900 1485 1944 alioquin
1509 1911 1569 1944 per
1592 1901 1769 1944 capitulum
1787 1913 1886 1944 gene-

1148 1954 1215 1985 rale
1242 1954 1290 1986 vel
1314 1953 1507 1992 visitatores,
1533 1954 1620 1986 iuxta
1645 1964 1739 1987 casus
1764 1960 1796 1988 et
1812 1965 1886 1999 per-

1148 2017 1246 2039 sonae
1272 2006 1477 2048 exigentiam,
1491 2007 1656 2050 puniatur.

1191 2070 1233 2092 1x.
1262 2059 1362 2092 Porro
1388 2060 1611 2093 interdicimus
1637 2060 1797 2095 universis
1815 2071 1885 2105 per·

1147 2113 1234 2145 sonis
1259 2112 1387 2145 Ordinis
1405 2124 1445 2146 ne
1467 2119 1576 2146 emant
1599 2118 1653 2146 aut
1676 2113 1746 2146 fieri
1764 2115 1885 2148 saciant

1146 2168 1195 2199 vel
1221 2166 1316 2199 etiam
1342 2167 1450 2199 oblata
1474 2168 1632 2210 recipiant
1656 2167 1689 2200 in
1714 2178 1789 2201 suos
1808 2178 1883 2202 usus

1147 2221 1307 2259 cultellos,
1334 2220 1528 2260 cochlearia,
1547 2221 1720 2264 schyphos,
1747 2220 1885 2254 fuscinu-

1148 2273 1210 2311 las,
1237 2272 1465 2315 dentiscalpia,
1493 2273 1704 2316 auriscalpia,
1730 2273 1881 2315 rosaria,

1147 2336 1201 2358 seu
1229 2336 1389 2365 coronas,
1415 2336 1546 2366 cruces,
1581 2326 1737 2369 agnusdei
1771 2332 1804 2360 et
1831 2337 1884 2360 ce-

1149 2385 1215 2411 tera
1240 2389 1462 2422 quaecumque
1487 2390 1523 2412 ex
1549 2391 1635 2420 auro,
1662 2385 1810 2422 argento,
1837 2381 1884 2413 la-

1148 2432 1222 2475 pide
1248 2433 1400 2475 pretioso,
1426 2433 1539 2472 scrico,
1572 2439 1625 2465 aut
1649 2443 1686 2466 ex
1718 2433 1780 2466 alia
1811 2443 1884 2476 pre-

1150 2485 1228 2516 tiosa
1254 2491 1286 2517 ot
1310 2485 1436 2518 curiosa
1456 2485 1592 2518 materia
1615 2485 1735 2519 suerint
1756 2496 1793 2519 ex
1816 2491 1883 2519 toto

1148 2539 1195 2570 vel
1221 2539 1251 2571 in
1278 2545 1380 2581 parte.
1407 2538 1569 2582 Quidquid
1604 2550 1680 2573 vero
1717 2541 1779 2573 tale
1812 2539 1883 2584 quis

1151 2592 1312 2632 habuerit,
1338 2593 1509 2636 consignet
1533 2593 1612 2626 illud
1634 2593 1665 2626 in
1690 2603 1803 2627 manus
1833 2592 1884 2629 sui

1908 210 1956 238 An.
1972 210 2002 237 C.
2023 212 2088 242 ¹688
