2111 3157
41 215 87 240 An.
109 212 137 241 C.
156 212 219 240 1087

803 207 1012 233 INNOCENTH'S
1034 208 1063 230 Xl
1089 207 1136 231 I‘I‘.

229 260 363 294 climenti
388 270 460 293 esse
485 259 617 302 possint,
636 269 695 292 nec
720 258 773 301 qui
794 257 889 290 ullius
916 266 961 288 re·
1004 254 1235 297 impedimento
1268 252 1467 292 detineatur,
1498 252 1673 295 praeeligi¹
1701 254 1735 286 in

229 310 358 355 ligionis
381 323 437 346 seu
461 312 723 355 congregationis
741 310 885 344 habitum
910 309 960 341 ha-
1003 318 1077 340 casu
1098 306 1319 350 impedimenti
1336 305 1595 349 provisionaliter
1619 306 1736 339 debeat

229 366 370 400 buerint.
627 401 631 405 ‚

276 420 308 453 4.
342 419 479 453 Peractis
511 418 756 463 probationibus
794 422 826 450 et
866 424 961 458 expe-

228 472 376 505 rimentis
400 472 496 505 etiam
522 471 656 515 spiritus
682 481 746 513 quo
779 470 958 506 ducuntur,

228 530 324 568 prout
349 524 521 557 convenire
546 524 649 556 visum
675 522 779 561 suerit,
798 531 870 554 cum
895 520 961 552 sue-

229 578 294 610 rint
318 588 353 610 ex
381 576 539 610 sententia
563 576 667 608 fratris
692 574 846 618 praefecti
865 578 895 606 ct
912 584 961 605 as-

230 629 413 662 sistentium
439 628 619 672 approbati,
645 633 675 660 et
699 628 731 660 in
757 626 868 659 habitu
893 635 961 658 sae-

229 683 329 716 culari
347 682 523 715 manserint
540 692 600 724 per
616 681 738 724 aliquot
754 680 958 723 septimanas,

230 735 407 768 humilibus
428 735 541 767 domus
559 733 721 766 exercitiis
739 743 773 765 se
798 732 961 774 applican-

230 790 288 827 do,
321 789 381 820 hoc
419 793 562 830 tempore
598 786 784 829 generalem
820 783 960 817 omnium

230 851 362 874 suorum
398 844 603 882 peccatorum
638 839 757 871 sacient
788 835 961 870 consessio-

229 904 312 933 nem,
342 902 386 932 ae,
409 903 487 935 quas
513 891 656 934 profiteri
690 890 818 929 debent,
840 888 960 931 regulis

228 945 445 984 instruentur3
472 944 718 987 adimpletisque
748 942 816 975 istis
842 941 963 982 obliga-

230 998 378 1037 tionibus,
400 998 563 1040 completo
587 997 711 1029 decimo
737 1001 824 1028 sexto
850 995 961 1028 aetatis

229 1062 324 1091 anno,
335 1051 482 1084 habitum
494 1050 539 1083 eis
559 1050 755 1083 dabitsrater
772 1049 962 1092 praefectus,

230 1105 269 1138 de
300 1104 456 1147 praefecti
481 1104 650 1145 generalis,
685 1113 742 1136 seu
769 1102 863 1141 illius,
898 1101 963 1144 qui,

229 1163 264 1189 ut
289 1157 370 1189 infra
394 1156 528 1195 dicetur,
563 1155 647 1188 vices
673 1155 796 1188 tenebit
820 1154 962 1187 eiusdem

205 1209 386 1253 .praeseeti
419 1209 599 1250 generalis,
627 1214 658 1240 et
683 1207 901 1240 assistentium
933 1206 965 1238 li-

231 1261 344 1300 centia,
378 1272 413 1293 ac
445 1262 557 1303 elapso
588 1259 791 1302 probatitnis
824 1264 854 1291 et
878 1258 963 1291 novi-

231 1314 326 1346 tiatus
362 1323 465 1352 anno,
492 1323 527 1345 ac
552 1313 591 1344 de
627 1312 772 1345 eiusdem
807 1310 963 1354 praestet-ti

230 1366 401 1408 generalis,
425 1376 480 1398 seu
507 1366 645 1398 tenentis
671 1365 738 1397 eius
759 1365 855 1403 vices,
872 1369 903 1397 ct
919 1374 964 1396 as-

230 1418 411 1451 sistentium
436 1418 577 1457 licentia,
600 1418 772 1450 dummodo
793 1416 963 1459 professio-

229 1482 304 1504 nem
330 1471 478 1504 emissuri
497 1471 598 1503 sciant
623 1472 731 1512 legere
757 1475 789 1502 et
812 1469 962 1507 scribere,

229 1529 260 1557 et
284 1534 348 1556 non
374 1523 471 1562 alias,
497 1523 729 1565 professionem
754 1521 900 1554 emittent
933 1521 962 1552 in

230 1576 378 1608 manibus
401 1576 508 1608 fratris
531 1575 785 1618 p1·aesecti‚vota
810 1574 964 1607 obedien-

231 1630 308 1667 tiae,
335 1628 532 1671 paupertatis
562 1634 593 1659 et
617 1627 770 1659 castitatis
794 1637 830 1659 ac
856 1626 965 1669 bospi-

232 1680 364 1713 talitatis
390 1680 544 1719 vomndo,
570 1679 660 1712 cuius
686 1679 877 1722 posterioris
903 1679 963 1711 voti

230 1734 385 1776 obligatio
424 1734 614 1766 extendatur
655 1734 694 1765 ad
730 1732 964 1765 inserviendum

232 1786 430 1829 pauperibus
455 1785 600 1825 infirmis,
620 1785 745 1817 etiamsi
770 1785 833 1817 sint
859 1784 966 1817 inlide-

231 1840 278 1871 les
305 1844 334 1871 et
355 1839 459 1881 aliqua
485 1839 671 1880 contagiosa
699 1837 899 1880 aegritudine
925 1838 965 1869 at>

233 1892 316 1931 fecti,
339 1897 371 1924 et
395 1891 570 1924 successive
590 1891 645 1924 liet
662 1891 748 1924 aliud
766 1897 874 1924 votum
892 1902 965 1934 per-

232 1944 401 1977 severandi
427 1950 586 1987 perpetuo
612 1944 645 1976 in
670 1946 781 1977 nostra
813 1943 964 1976 societate

231 1996 514 2036 Bethlehemitica,
541 1996 740 2040 infirmisque
765 1997 937 2030 serviendi.

274 2050 306 2084 4.
334 2051 455 2084 Adesse
476 2051 574 2084 debet
594 2062 675 2083 unus
691 2051 883 2085 novitiorum
901 2062 965 2083 ma-

233 2104 333 2146 gister
363 2103 545 2136 nominatus
579 2114 596 2136 a
627 2104 790 2147 praesecto
822 2105 963 2147 generali

233 2162 265 2190 et
295 2156 520 2190 assistentibus
556 2156 587 2189 in
625 2157 851 2200 hospitalibus.
879 2157 963 2195 Quae

232 2220 290 2253 pro
322 2209 486 2248 novitiatu,
512 2209 722 2242 destinabunt
746 2210 816 2253 ipse
841 2211 966 2253 praefe-

232 2268 301 2295 ctus
326 2261 488 2304 generalis
514 2267 546 2294 et
570 2262 771 2303 assistentes,
798 2263 831 2295 in
855 2263 886 2296 id
912 2275 965 2296 ac-

233 2320 340 2348 curate
365 2314 584 2348 incumbendo
615 2320 650 2346 ut
673 2315 827 2357 magister
856 2316 898 2348 sit
928 2327 964 2349 ex

235 2367 466 2409 insignioribus
487 2367 602 2400 virtute
620 2373 652 2400 et
667 2369 852 2411 prudentia,
866 2374 897 2402 et
913 2369 966 2412 qui

235 2421 349 2454 saltem
375 2421 474 2453 semel
500 2421 679 2463 praefectus
714 2421 810 2454 suerit
833 2422 968 2456 alicuius

236 2483 274 2506 ex
291 2473 410 2507 nostris
427 2473 651 2516 hospitalibus;
666 2479 697 2506 et
713 2484 789 2507 casu
807 2485 871 2518 quo
885 2475 969 2508 idem

236 2525 429 2559 novitiorum
453 2526 607 2568 magister
627 2527 722 2560 modo
747 2533 779 2560 et
801 2528 904 2561 forma
931 2529 970 2562 de

238 2588 300 2622 qua
331 2589 427 2622 supra
452 2579 627 2612 destinatus
652 2580 797 2623 decedat,
824 2582 873 2615 vel
907 2582 970 2615 alio

329 2642 406 2669 Ball.
426 2644 508 2669 [xum.
530 2658 562 2662 —
588 2643 645 2669 l‘ol.
668 2644 742 2670 xlx.
903 2645 936 2672 93

1004 370 1021 391 a
1054 359 1217 402 praesecto
1248 359 1360 392 domus
1375 385 1382 399 ,
1409 359 1442 391 in
1474 369 1536 402 qua
1571 359 1737 402 contingat

1004 412 1066 444 tale
1083 412 1361 454 impedimentum,
1374 411 1453 444 alius
1463 410 1474 428 ‘²
1486 412 1658 445 sufficienti
1679 413 1737 446 do-

1003 465 1106 497 ctrina
1142 469 1173 498 et
1207 465 1352 498 moribus
1384 465 1570 508 praeditus;
1603 466 1636 498 in
1661 476 1737 499 casu

1002 527 1077 550 vero
1095 517 1210 557 obitus,
1228 518 1364 561 praefigi
1389 518 1506 552 debeat
1530 518 1609 552 alius
1626 519 1665 552 ab
1683 530 1738 552 eo-

1004 569 1077 602 dem
1110 569 1274 612 praesecto
1311 571 1437 611 domus,
1460 571 1515 614 qui
1551 571 1738 605 huiusmodi

1004 631 1119 654 munus
1137 627 1295 663 exerceat,
1316 623 1421 656 donec
1445 628 1597 667 sequatur
1621 635 1739 668 appro-

1004 673 1090 706 batio
1103 675 1260 716 praefecti
1275 675 1436 717 generalis
1454 681 1486 708 et
1502 677 1737 718 assistentium;

1004 728 1104 769 eaque
1122 730 1256 770 sequuta
1274 729 1388 761 evadat
1404 739 1497 761 verns
1514 730 1668 773 magister
1685 741 1738 764 no-

1003 779 1162 820 vitiorum,
1174 780 1251 812 alias
1265 780 1460 814 subintrabit
1470 781 1533 822 ille,
1545 793 1641 826 quem
1652 794 1740 826 prae-

1004 831 1102 864 fectus
1127 833 1288 874 generalis
1306 838 1337 865 et
1356 833 1544 867 assistentes
1569 836 1739 869 nominare

1004 885 1191 918 censuerint
1214 885 1247 918 in
1271 886 1460 928 magistrum
1479 888 1683 922 novitiorum.

1048 938 1079 970 6.
1093 938 1323 981 inquisitiones
1337 940 1376 972 de
1390 940 1589 974 admittendo
1603 942 1679 975 fient
1690 931 1754 975 cos

1006 1002 1072 1023 ram
1086 991 1181 1024 fratre
1197 992 1362 1034 praesecto
1380 1003 1452 1026 cum
1468 994 1536 1027 cius
1553 995 1738 1035 secretario,

1006 1043 1177 1077 assistente
1203 1045 1298 1078 etiam
1324 1046 1516 1079 novitiorum
1543 1047 1709 1089 magistro.
1736 1079 1741 1090 ἒ

1050 1097 1080 1130 7.
1109 1097 1178 1130 Non
1207 1103 1313 1141 potest
1341 1099 1464 1132 admitti
1490 1100 1522 1132 in
1552 1100 1741 1135 societatem

1007 1152 1088 1184 ullus
1113 1151 1167 1194 qui
1193 1152 1232 1184 sit
1249 1152 1281 1183 in
1299 1152 1411 1184 ordine
1429 1162 1519 1185 sacro
1537 1153 1739 1195 constitutus,

1007 1215 1065 1237 nec
1090 1205 1272 1247 cappellani
1299 1215 1359 1238 nec
1384 1206 1451 1239 ullo
1476 1206 1539 1239 alio
1562 1206 1666 1246 titulo,
1686 1218 1741 1240 ne-

1007 1268 1068 1300 que
1094 1258 1178 1290 ullus
1203 1258 1302 1290 frater
1326 1268 1364 1290 ex
1390 1258 1558 1301 hucusque
1590 1259 1740 1294 admissis

1008 1315 1039 1342 ct
1070 1311 1102 1342 in
1139 1316 1305 1352 posterum
1336 1311 1544 1344 admittendis
1579 1312 1741 1354 ordinari,

1007 1363 1081 1405 quia
1105 1364 1200 1395 statui
1224 1364 1418 1396 sacerdotali
1453 1374 1519 1396 non
1544 1365 1742 1398 conveniunt

1008 1415 1168 1448 manualia
1186 1415 1373 1455 ministeria,
1392 1416 1424 1448 in
1449 1416 1566 1459 quibus
1592 1427 1741 1450 exercere

1007 1478 1039 1500 se
1066 1467 1187 1500 debent
1219 1468 1358 1508 sratros;
1392 1473 1423 1500 et
1447 1468 1471 1500 si
1497 1468 1569 1511 quis
1593 1469 1742 1502 ordinem

1007 1521 1196 1563 susceperit,
1209 1521 1279 1563 ipso
1301 1521 1514 1563 susceptionis
1534 1521 1616 1555 sacto
1641 1533 1743 1555 rema·

1009 1579 1084 1605 neat
1108 1574 1268 1612 exclusus,
1288 1579 1319 1605 et
1349 1574 1515 1607 societatis
1540 1574 1654 1607 babitu
1680 1575 1743 1618 pri-

1008 1631 1107 1663 xatus,
1125 1636 1160 1658 ac
1184 1637 1201 1658 a
1224 1626 1304 1658 votis
1326 1626 1499 1666 absolutus
1518 1637 1579 1659 nec
1598 1627 1628 1659 in
1647 1627 1742 1660 domo

1008 1683 1090 1711 stare
1111 1678 1222 1721 possit,
1256 1679 1379 1710 etiamsi
1404 1679 1444 1710 sit
1469 1679 1499 1711 in
1526 1679 1589 1712 alio
1616 1680 1740 1713 babitu.

1009 1732 1047 1763 lis
1069 1742 1154 1771 vero,
1173 1732 1226 1774 qui
1252 1733 1315 1764 iam
1340 1732 1548 1774 reperiuntur
1573 1733 1605 1765 in
1626 1733 1742 1766 ordine

1008 1785 1211 1824 sacerdotali,
1227 1785 1432 1827 permittatur
1450 1786 1481 1817 in
1499 1785 1654 1818 societate
1671 1796 1744 1829 per-

1008 1848 1150 1877 manere,
1166 1848 1386 1880 praesensque
1404 1838 1573 1881 dispositio
1590 1839 1744 1882 respiciat

1009 1896 1130 1923 tantuin
1156 1891 1308 1930 futurum,
1325 1901 1389 1924 non
1410 1891 1613 1924 obstantibus
1634 1892 1743 1935 dispo-

1008 1944 1076 1976 sitis
1101 1944 1133 1976 in
1158 1944 1356 1977 contrarium
1381 1944 1413 1976 in
1439 1944 1601 1977 veteribus
1626 1945 1743 1978 consti-

1009 1997 1188 2029 tutionibus
1214 2007 1231 2028 a
1255 1996 1369 2029 Sancta
1393 1996 1475 2030 Sede
1501 1996 1711 2030 confirmatis.

1051 2049 1082 2081 1.
1110 2048 1243 2081 Habitus
1267 2049 1436 2082 uniformis
1474 2060 1545 2082 esse
1583 2049 1679 2083 debet
1709 2050 1741 2083 in

1007 2102 1156 2135 oinnibus
1180 2102 1351 2141 fratribus,
1376 2102 1468 2145 isque
1493 2113 1531 2135 ex
1556 2113 1619 2145 quo
1645 2113 1743 2146 appa-

1634 195 1696 228 737
1744 204 1793 232 An.
1813 203 1841 231 G.
1861 204 1924 232 1037

1788 2052 1855 2072 (ἸΑΜτ
1871 2052 1897 2073 itt

1779 2078 1809 2099 De
1823 2080 1895 2099 babitu
1909 2085 1937 2099 ui-

1754 2106 1833 2129 teriori,
1843 2112 1867 2125 ae
1880 2110 1938 2125 erv-

1754 2132 1802 2152 riori
1814 2148 1819 2156 ,
1834 2138 1858 2152 ac
1879 2132 1938 2153 cubi·

1008 2161 1077 2189 reat
1101 2156 1227 2188 interna
1251 2155 1418 2187 humilitas
1435 2159 1466 2187 et
1483 2165 1591 2187 rerum
1610 2156 1814 2189 munda-cuns-

1009 2219 1123 2241 narum
1155 2212 1380 2250 contemptus,
1407 2212 1439 2241 et
1464 2208 1505 2239 sit
1539 2209 1720 2251 symbolum
1736 2236 1744 2250 ,

1008 2272 1072 2304 quo
1098 2272 1171 2294 vere
1198 2271 1360 2304 pauperes
1387 2265 1417 2293 et
1441 2260 1648 2304 poenitentes
1673 2271 1744 2295 esse

1009 2315 1247 2357 dignoscantur.
1730 2358 1751 2362 ἢ

1052 2368 1084 2401 ⁶2.
1126 2368 1259 2400 Habitus
1295 2367 1436 2400 exterior
1475 2368 1537 2401 erit
1570 2379 1606 2402 ex
1638 2379 1746 2412 panno

1010 2421 1091 2461 rudi,
1107 2425 1139 2453 et
1163 2420 1291 2460 coloris,
1315 2426 1349 2452 ut
1374 2420 1493 2461 dicunt,
1509 2421 1630 2461 buriel,
1658 2422 1748 2454 nimi-

1011 2486 1081 2507 rum
1107 2485 1144 2507 ex
1169 2475 1242 2507 lana
1266 2483 1348 2517 quae
1381 2473 1498 2507 dicitur
1531 2474 1569 2507 de
1601 2479 1747 2508 sumonle

1049 2547 1058 2571 1
1083 2544 1153 2571 Edit.
1170 2544 1249 2571 Main.
1266 2544 1330 2579 legit
1343 2544 1475 2579 praelegi
1496 2545 1532 2579 (fl.
1551 2545 1603 2580 ⁶12).

1047 2592 1065 2618 2
1084 2589 1155 2618 Edit.
1175 2589 1253 2617 Main.
1273 2589 1338 2626 legit
1357 2590 1432 2617 alias
1451 2594 1488 2624 (a.
1504 2593 1552 2621 τ.).
