2111 3157
16 251 63 276 Αη.
85 248 112 273 C.
132 247 197 273 ⁸⁴86

49 308 193 334 Tamna-pio-

13 340 58 356 ΙῚΙΙΠ
72 335 130 355 fide:-

36 1359 157 1382 tior-lium.

781 246 995 272 {NNOCENTIUS
1016 247 1045 271 Xl
1072 247 1120 271 1³1³.

249 294 318 338 56.
348 295 501 329 Volumus
537 301 642 329 autem
679 300 715 328 ut
748 295 934 329 earumdem

204 349 426 390 praesentium
444 349 623 382 litterarum
639 348 859 391 transumptis,
877 358 934 380 seu

205 402 372 445 exemplis,
385 402 479 435 etiam
497 402 674 445 impressis,
691 411 785 435 manu
801 401 935 434 alicuius

205 455 321 488 notarii
346 455 468 498 publici
482 455 681 498 subscriptis,
698 460 730 488 et
745 454 851 497 sigillo
868 464 936 497 per·

204 516 301 540 sonae
326 508 359 540 in
383 507 604 541 ecclesiastica
635 507 790 550 dignitate
814 506 937 539 consti-

203 565 291 593 tutae
315 560 457 600 munitis,
484 560 597 592 eadem
621 569 752 602 prorsus
772 558 852 591 fides
884 558 937 590 ha-

203 612 329 653 beatur,
341 623 421 656 quae
436 613 611 645 haberetur
623 612 700 655 ipsis
713 611 936 654 praesentibus

203 666 230 698 si
256 666 360 698 forent
377 666 540 699 exhibitae
566 666 616 698 vel
641 670 802 698 ostensae.

246 719 363 752 Datum
388 719 520 758 Romae,
545 718 630 761 apud
650 718 682 751 S.
708 717 850 757 Petrum,
877 718 936 750 sub

204 772 324 804 annulo
366 770 560 810 Piscatoris,
597 770 648 802 die
691 779 788 802 imvm
830 769 935 801 martii

203 833 393 863 unctxxxw,
415 823 622 866 pontificatus
648 822 752 856 nostri
773 832 858 855 anno
881 832 911 855 x.

239 886 299 914 Dat.
320 886 363 914 die
377 885 412 917 28
427 885 514 913 martii
530 885 610 918 1686,
626 885 722 921 pontif.
739 892 809 913 anno
825 893 851 911 x.

507 1000 634 1034 CLXIV.

203 1072 449 1115 Confirmantur
472 1072 587 1105 erectio
612 1072 746 1115 hospitii
762 1076 791 1105 et
815 1072 936 1104 dotatio

246 1125 396 1158 ecclesiae
412 1125 443 1158 S.
461 1124 576 1158 Gallae
590 1135 650 1168 pro
666 1125 865 1168 pauperibus
879 1135 938 1167 per

249 1177 365 1211 Urbem
389 1176 619 1222 vaqantihusfl

381 1248 578 1276 Innocentius
597 1248 676 1282 Papa
694 1248 744 1281 x1,

326 1294 361 1321 ad
381 1296 559 1326 perpetuam
579 1292 626 1320 rei
639 1292 823 1320 memoriam.

252 1355 300 1389 Ad
336 1354 506 1398 pastoralis
544 1354 709 1397 dignitatis
750 1354 934 1396 fastigium,

203 1409 295 1444 nulio
311 1408 386 1442 licet
405 1408 594 1441 meritorum
617 1412 802 1441 nostrorum
826 1406 937 1440 sullia-

204 1462 268 1505 gio,
295 1471 355 1505 per
379 1459 575 1494 ineffabilem
603 1459 726 1492 divinae
759 1459 936 1502 sapientiae

203 1520 298 1558 atque
312 1514 464 1547 bonitatis
482 1513 711 1550 abundantiam
729 1513 838 1554 evecti,
854 1513 937 1546 circa

202 1578 359 1602 novarum
384 1566 598 1601 ecclesiarum
622 1567 743 1610 ubique
768 1567 933 1607 locorum,

206 1626 238 1654 et
262 1620 452 1664 praesertim
477 1620 510 1653 in
535 1621 618 1653 alma
637 1619 721 1652 Urbe
745 1622 866 1660 nostra,
888 1630 937 1652 ve-

204 1684 259 1707 rae
288 1673 458 1716 religionis
489 1683 580 1713 arce,
607 1682 644 1706 ex
677 1683 740 1716 qua
771 1673 934 1706 bonorum

205 1737 343 1770 operum
373 1727 521 1770 exempla
554 1726 586 1758 in
619 1737 733 1759 omnes
766 1726 934 1759 christiani

205 1780 294 1813 orbis
317 1785 426 1822 partes
451 1779 578 1812 assidue
608 1778 838 1820 diffunduntur,
865 1790 935 1812 curn

206 1832 306 1867 divini
323 1834 426 1866 cultus
443 1833 643 1866 incremento
657 1832 885 1875 erigendarum
905 1838 937 1866 et

205 1885 477 1919 aedificandarum
503 1890 620 1918 statum
637 1886 778 1918 libenter
802 1886 937 1918 intendi-

204 1949 292 1979 mus,
320 1944 352 1972 et
375 1944 411 1970 ut
441 1937 715 1979 christifidelium,
740 1949 805 1972 non
830 1938 935 1971 minus

206 1992 345 2035 generis,
369 1997 568 2035 nostraeque
594 1992 773 2025 secundum
806 2003 935 2026 carnem

206 2044 497 2087 consanguinitatis
518 2070 525 2084 ,
561 2054 655 2087 quam
690 2045 935 2078 christianarum

204 2097 357 2131 virtutum
382 2097 557 2140 splendore
583 2097 784 2140 fulgentium,
800 2098 831 2130 in
857 2104 938 2131 stru-

207 2156 332 2184 cturam
376 2151 520 2193 ipsarum
562 2150 771 2184 ecclesiarum
812 2152 936 2194 aliaque

206 2203 335 2247 pietatis
360 2214 461 2246 opera
485 2203 524 2236 de
548 2203 642 2236 bonis
663 2203 723 2236 sibi
748 2215 765 2237 a
788 2203 853 2238 Deo
875 2205 938 2237 col—

205 2256 311 2290 lectis²
323 2256 454 2298 largiter
470 2255 716 2296 conferentium,
729 2261 800 2290 vota
810 2262 936 2300 optatos

206 2308 351 2344 habeant
374 2308 524 2349 effectus,
549 2319 609 2342 nec
635 2309 674 2342 de
699 2319 830 2350 eorum,
857 2321 937 2353 quae

207 2362 298 2397 iussu
322 2368 435 2396 nostro
461 2363 542 2395 facta
567 2362 710 2402 fuerunt,
735 2362 868 2396 veritate
893 2368 938 2396 at-

209 2426 270 2459 que
293 2415 456 2448 validitate
481 2414 622 2448 dubitari
648 2425 789 2458 unquam
812 2416 936 2459 possit,

245 2496 256 2521 1
281 2494 406 2521 Erectum
426 2494 477 2521 suit
495 2503 511 2520 a
531 2494 668 2521 Clemente
688 2494 705 2520 Χ
726 2493 870 2529 hospitium
891 2503 938 2530 pro

209 2539 346 2566 conversis
365 2538 398 2565 ad
418 2539 498 2566 fidem
518 2538 624 2565 constit.
652 2538 716 2565 edit.
737 2544 856 2565 nnetxxv
869 2560 876 2572 ,
896 2539 939 2566 die

209 2583 243 2610 30
263 2583 359 2617 martii,
380 2583 473 2619 pontis.
495 2589 521 2609 v.
542 2582 607 2609 Vide
626 2582 706 2609 etiam
722 2583 829 2610 constit.
850 2591 906 2619 seq.

243 2627 260 2654 2
279 2627 373 2654 Potius
392 2628 451 2663 lege
470 2628 581 2655 collatis
598 2630 639 2662 (n.
655 2628 703 2663 τ.).

978 304 1152 327 concessae
1189 294 1282 328 nobis
1317 306 1335 328 a
1365 295 1501 329 Domino
1536 296 1706 338 potcstatis

978 352 1085 389 partes
1103 347 1255 380 ‘studiosa
1281 348 1439 381 charitate
1460 348 1706 391 interponimus,

978 399 1068 440 sicut,
1095 400 1247 433 omnibus
1272 406 1415 434 maturae
1440 401 1709 434 considerationis

980 452 1098 485 trutina
1122 454 1304 496 perpensis,
1329 454 1367 487 ad
1394 454 1626 497 omnipotentis
1652 454 1708 488 Dei

978 504 1119 547 gloriam
1132 510 1164 538 et
1181 505 1380 548 spiritualem
1408 506 1521 549 populi
1540 506 1709 540 christiani

979 556 1234 590 aedificationem
1252 558 1425 591 salubriter
1438 559 1591 602 expedire
1606 558 1637 591 in
1653 559 1709 593 Do-

980 609 1067 642 mino
1093 610 1300 643 arbitramur.

1023 662 1037 704 §
1063 661 1092 694 i.
1120 662 1261 694 Innotuit
1286 662 1446 705 siquidem
1482 664 1593 704 nobis,
1621 665 1709 708 quod

979 713 1110 754 dudum,
1137 713 1287 746 videlicet
1311 714 1363 747 die
1388 724 1407 747 v
1438 715 1512 747 maii
1542 726 1709 757 mncmxn,

981 772 1056 798 tunc
1080 766 1257 799 existentes
1273 767 1382 799 clerici
1408 769 1572 810 regulares
1597 769 1711 803 domus

979 818 1137 861 regularis
1161 819 1193 851 S.
1220 819 1336 852 Mariae
1362 820 1394 851 in
1419 820 1564 862 Porum,
1591 832 1646 854 seu
1672 823 1711 855 de

980 871 1177 914 Campitellis
1194 873 1372 915 nuncupati
1398 873 1436 905 de
1461 873 1546 906 Urbe
1569 876 1713 917 praefata

980 923 1246 966 Congregationis
1271 925 1379 958 Matris
1412 925 1488 966 Dei,
1514 937 1573 969 per
1603 938 1713 970 quem-

980 977 1052 1010 dam
1068 987 1179 1010 eorum
1195 979 1474 1020 procuratorum¹‚
1492 979 1523 1012 in
1543 980 1602 1013 vim
1616 981 1715 1014 licen—

980 1031 1041 1063 tiae
1067 1031 1128 1063 sibi
1155 1031 1299 1074 desuper
1323 1042 1340 1065 a
1366 1037 1440 1064 tunc
1458 1033 1626 1067 existentis
1652 1034 1714 1067 Ro-

980 1083 1064 1116 mani
1090 1083 1254 1116 Pontificis
1279 1084 1311 1116 in
1338 1085 1450 1118 eadem
1475 1085 1560 1119 Urbe
1594 1086 1713 1120 vicario

981 1137 1011 1169 in
1029 1137 1250 1180 spiritualibus
1264 1139 1406 1180 generali
1433 1139 1463 1171 in
1489 1139 1713 1173 executionem

981 1189 1101 1222 decreti
1137 1200 1154 1221 a
1189 1187 1448 1233 Congregatione
1474 1196 1550 1224 tunc
1577 1192 1714 1225 existen-

981 1243 1058 1275 tium
1072 1242 1103 1275 S.
1126 1242 1162 1275 R.
1179 1242 1213 1275 E.
1230 1243 1441 1276 cardinalium
1459 1255 1559 1288 super
1576 1245 1713 1288 negotiis

980 1295 1172 1328 visitationis
1205 1295 1402 1338 apostolicae
1433 1297 1647 1331 ecclesiarum
1683 1303 1715 1331 et

980 1348 1126 1380 locorum
1152 1347 1278 1391 piorum
1304 1348 1407 1381 dictae
1428 1349 1522 1382 Urbis
1548 1350 1716 1393 deputato—

981 1413 1051 1435 rum
1076 1402 1216 1436 emanati
1241 1413 1423 1444 concessae,
1447 1414 1561 1437 eorum
1580 1406 1713 1439 domum

980 1457 1162 1499 regularem
1187 1466 1345 1490 annexam
1361 1463 1392 1489 et
1408 1467 1584 1491 connexam
1611 1460 1715 1493 eccle*

980 1509 1046 1542 siae
1071 1509 1214 1542 eiusdem
1232 1509 1263 1542 S.
1286 1509 1402 1543 Mariae
1419 1510 1451 1543 in
1472 1510 1599 1545 Porticu
1619 1512 1714 1556 (quae

980 1563 1055 1595 olim
1082 1566 1151 1594 erat
1177 1561 1323 1594 diaconia
1340 1563 1552 1604 cardinalitia,
1574 1570 1715 1608 etquam

980 1615 1082 1647 bonae
1098 1613 1272 1657 memoriae
1283 1615 1559 1656 Bartholomaeus,
1576 1617 1650 1650 dum
1669 1617 1715 1650 vi·

980 1668 1032 1707 xit,
1050 1667 1193 1700 eiusdem
1212 1667 1242 1699 S.
1256 1667 1291 1699 R.
1307 1667 1340 1699 E.
1364 1667 1518 1701 diaconus
1536 1669 1712 1702 cardinalis

980 1720 1110 1754 Caesius
1127 1726 1342 1763 nuncupatus,
1358 1720 1410 1763 qui
1426 1720 1528 1764 ipsam
1544 1723 1715 1756 ecclesiam

979 1783 1038 1816 pro
1063 1772 1213 1805 diaconia
1231 1772 1279 1804 sui
1298 1773 1516 1806 cardinalatus
1535 1775 1592 1806 sub
1611 1775 1716 1817 ponti·

980 1826 1073 1858 ficatu
1088 1824 1191 1858 felicis
1215 1825 1448 1858 recordationis
1468 1825 1640 1860 Clementis
1657 1827 1714 1860 Pa-

980 1889 1038 1921 pae
1065 1877 1127 1910 Vlll
1152 1878 1417 1920 praedecessoris
1450 1877 1551 1911 nostri
1588 1879 1715 1913 obtine-

980 1932 1044 1971 bat,
1069 1929 1193 1964 clericis
1218 1931 1420 1973 regularibus
1446 1931 1547 1964 dictae
1572 1931 1714 1975 Congre-

980 1983 1118 2028 gationis
1128 1983 1235 2016 Matris
1250 1983 1304 2017 Dei
1319 1984 1545 2028 assignaverat,
1560 1987 1614 2019 sed
1628 1990 1713 2026 tunc,

980 2038 1020 2071 ob
1046 2037 1291 2070 translationem
1325 2042 1388 2070 tam
1423 2036 1570 2080 imaginis
1597 2038 1712 2073 Beatae

980 2091 1096 2124 Mariae
1122 2088 1260 2133 Virginis
1286 2100 1381 2133 quam
1407 2090 1571 2124 diaconiae
1604 2090 1714 2125 liuius·

980 2143 1067 2177 modi
1094 2143 1132 2176 ad
1157 2142 1328 2176 ecclesiam
1359 2143 1389 2175 S.
1418 2142 1534 2176 Mariae
1560 2144 1599 2177 de
1624 2143 1713 2178 Cama

981 2196 1099 2240 pitellis
1118 2195 1305 2228 auctoritate
1320 2196 1497 2238 apostolica
1515 2196 1639 2237 saetam,
1654 2197 1712 2230 sub

982 2247 1245 2281 denominatione
1256 2247 1404 2280 &Gallae
1415 2250 1628 2292 remanserat)
1639 2260 1712 2283 cum

981 2302 1129 2335 omnibus
1155 2305 1187 2334 et
1210 2299 1345 2343 singulis
1362 2299 1462 2343 ipsius
1483 2301 1598 2334 domus
1622 2312 1714 2345 regu-

982 2355 1058 2388 laris
1088 2352 1259 2392 membris,
1286 2352 1410 2385 iuribus
1442 2359 1474 2386 et
1504 2353 1711 2396 pertinentiis

982 2407 1150 2445 universis,
1170 2416 1295 2439 necnon
1311 2405 1470 2439 officinam
1495 2417 1552 2439 seu
1577 2408 1713 2450 apothe-

982 2472 1051 2495 cam
1078 2466 1154 2492 tunc
1178 2459 1217 2491 ad
1249 2469 1343 2491 usum
1374 2459 1512 2498 sutoris,
1546 2470 1583 2492 ac
1615 2461 1711 2494 etiam

982 2513 1142 2546 stabulum
1167 2512 1429 2555 correspondens
1454 2512 1568 2545 subtus
1584 2513 1711 2553 foenile,

982 2565 1112 2599 insimul
1138 2575 1209 2597 cum
1234 2564 1346 2597 tinello
1379 2575 1480 2608 prope
1511 2564 1630 2598 dictum
1655 2571 1713 2598 sta·

1019 2629 1029 2656 1
1049 2629 1149 2655 Forsan
1164 2627 1305 2662 legendum
1318 2630 1533 2662 procuratorem
1557 2627 1597 2661 (a.
1618 2627 1667 2661 r.)-

1605 237 1669 272 669
1716 249 1764 274 An.
1785 248 1814 275 c.
1833 249 1899 276 mss

1748 680 1835 707 Species
1846 680 1903 701 sacti.
