2111 3157
31 179 80 205 An.
100 176 129 203 C.
146 175 215 203 ¹684

217 223 475 264 constituantur,
514 223 567 266 qui
604 233 670 256 non
697 221 794 255 modo
825 221 947 264 passio-

218 276 313 309 nibus
341 276 406 308 suis
435 275 633 309 sufficienter
664 275 821 308 dominari
853 284 948 316 posse

217 333 399 368 noscantur,
424 339 534 361 verum
558 328 654 361 etiam
679 328 762 366 illos,
791 326 844 370 qui
870 326 949 369 ipsis

218 380 447 421 subiiciuntur,
473 381 504 413 in
535 381 621 413 omni
646 390 765 423 genere
793 379 947 412 virtutum

218 439 250 465 et
274 433 491 473 scientiarum,
512 438 665 476 quantum
684 432 752 464 sieri
767 436 881 475 potest,
897 441 949 463 su-

217 490 333 528 perent
357 486 405 518 vel
430 486 544 518 saltem
568 484 772 527 adaequent;
805 488 949 516 contem-

216 543 307 580 ptun-1
340 537 425 570 enim
462 537 556 580 parit,
581 537 607 569 si
632 537 803 580 qualitates
828 535 947 568 subditi

217 589 423 632 qualitatibus
443 588 622 631 superioris
647 592 823 631 praestent.

259 650 328 674 XLV.
356 640 414 673 Ubi
441 641 504 673 duo
529 641 579 673 vel
608 641 718 682 plures
747 639 947 678 cohabitant,

214 703 296 726 unus
317 702 444 736 semper
461 692 501 725 sit
518 703 555 725 ex
574 692 622 732 iis,
647 691 701 735 qui
725 691 829 724 officio
854 701 947 724 oeco-

214 746 343 779 nomiae
360 755 432 778 cum
451 745 561 779 debito
585 755 693 778 rerum
718 745 945 787 temporalium

214 798 432 830 emolumento
462 797 550 840 fungi
579 797 672 837 sciat,
700 796 754 840 qui
784 797 816 829 in
849 796 945 829 rebus

212 850 434 894 spiritualibus
463 851 641 883 ferventior
669 855 700 882 et
728 849 760 882 in
789 849 945 883 servanda

212 903 383 946 disciplina
398 902 539 936 exactior
556 913 626 936 esse
642 907 805 936 noscatur.

255 965 337 989 xtvi.
365 954 565 1000 Ubicumque
601 955 695 990 huius
730 955 867 989 instituti
897 966 945 990 sa-

212 1008 362 1042 cerdotes
398 1009 492 1042 simul
529 1009 700 1050 habitant,
724 1008 945 1052 superioribus

212 1061 388 1095 curandum
406 1067 463 1102 est,
486 1067 519 1094 ut
536 1071 640 1104 neque
667 1072 780 1095 omnes
800 1061 943 1101 iuvenes,

211 1113 267 1146 sed
297 1113 341 1146 ita
372 1113 479 1156 potius
510 1124 604 1147 senes
637 1114 873 1157 coniungantur
898 1114 944 1146 iu-

211 1166 372 1206 nioribus,
391 1171 425 1198 ut
449 1166 615 1201 seniorum
638 1167 764 1200 cautela
782 1167 943 1199 iuniorum

210 1217 391 1251 libertatem
416 1218 584 1258 custodiat,
606 1223 637 1251 et
660 1219 810 1252 iuvenum
836 1219 945 1251 servor

803 171 1013 197 IRNOCENTHJS
1036 173 1065 196 XI
1092 173 1140 197 ΡΙ).

990 220 1138 252 omnibus
1158 220 1278 253 bonum
1304 220 1521 253 testimonium
1556 219 1720 253 charitatis

990 273 1184 306 christianae
1202 279 1368 317 reportare
1394 278 1592 306 mereantur.

1034 335 1115 359 xtix.
1133 327 1285 370 Denique,
1305 332 1348 366 ut,
1370 327 1424 370 qui
1442 327 1474 360 in
1492 327 1554 360 hoc
1571 326 1720 360 instituto

990 378 1104 417 vivunt,
1124 379 1155 411 iu
1173 384 1275 412 morte
1293 380 1424 413 minime
1439 380 1640 419 deserantur,
1657 380 1721 412 sin-

990 432 1139 473 gulorum
1157 433 1302 466 locorum
1328 432 1510 477 superiores
1535 433 1720 476 disponent,

990 489 1024 515 ut
1041 485 1195 527 exequiae
1221 486 1397 519 christiano
1418 486 1516 519 modo
1541 485 1637 518 statui
1656 485 1721 519 cle-

989 537 1079 569 ricali
1094 538 1306 571 conformiter
1325 544 1532 582 peragantur,
1550 544 1582 572 et
1599 539 1631 572 in
1649 539 1720 573 loco

990 588 1224 631 depositionis,
1253 591 1428 634 praemissa
1459 601 1589 634 semper
1611 591 1721 633 vigilia

989 641 1212 675 defunctorum
1228 669 1235 682 ,
1263 648 1326 675 tam
1351 643 1474 686 primus
1500 654 1596 686 quam
1623 643 1721 686 septi-

988 703 1056 724 mus
1081 699 1112 725 et
1146 694 1329 736 trigesimus
1358 705 1417 737 pro
1451 695 1611 728 defunctis
1636 696 1721 729 cele-

986 745 1108 778 bretur.
1133 745 1267 789 Insuper
1283 756 1395 780 omnes
1421 747 1605 781 sacerdotes
1625 748 1720 782 huius

987 798 1139 837 instituti,
1164 799 1252 832 iuxta
1280 800 1544 833 constitutionem
1572 801 1724 834 sacerdo->

989 856 1052 882 tun]
1070 861 1181 891 xxvm,
1208 862 1268 894 pro
1297 853 1399 885 salute
1419 852 1543 886 animae
1573 853 1720 886 eiusdem

988 903 1048 935 tria
1071 913 1161 936 sacra
1184 904 1404 944 celebrabunt,
1423 905 1528 947 quiin
1553 905 1608 938 illa
1632 905 1720 938 dioe-

987 955 1049 988 cesi
1075 955 1232 997 existunt,
1265 957 1309 989 ita
1334 962 1460 998 tamen,
1487 963 1522 989 ut
1546 958 1579 990 in
1603 958 1719 991 ceteris

987 1008 1208 1049 dioecesibus,
1235 1020 1316 1052 quae
1341 1010 1395 1042 uni
1421 1010 1513 1043 alicui
1539 1010 1721 1044 archidioe-

987 1061 1058 1100 cesi,
1085 1071 1174 1095 more
1196 1062 1228 1095 in
1253 1062 1395 1096 Ecclesia
1420 1069 1595 1103 consueto,
1621 1064 1721 1097 subii·

986 1114 1123 1155 ciuntur,
1144 1116 1376 1159 unusquisque,
1395 1116 1419 1149 si
1437 1127 1501 1150 non
1528 1116 1641 1157 tribus,
1660 1118 1720 1151 sal-

986 1174 1050 1201 tem
1067 1178 1131 1201 uno
1155 1177 1245 1201 sacro
1270 1168 1410 1202 animam
1429 1169 1570 1202 defuncti
1591 1169 1718 1203 divinae

984 1220 1225 1256 misericordiae
1251 1221 1467 1255 commendet.

1616 162 1679 196 549
1725 172 1774 199 An.
1790 172 1819 201 c.
1840 173 1910 201 ¹684

1029 1283 1057 1305 L.
1084 1272 1158 1305 Eam
1183 1273 1354 1306 mulierum
1385 1273 1628 1316 separationem
1653 1274 1718 1308 cle·
1754 1285 1915 1317 optasnpmo.

983 1325 1040 1357 rici
1073 1335 1186 1358 omnes
1222 1325 1435 1359 communiter
1469 1327 1643 1360 observare
1669 1316 1913 1385 te-h‘ss'ri'ilffli'f‘ssssssl

1745 1371 1801 1385 erum
1837 1368 1912 1391 obser.

983 1383 1111 1417 nentur,
1128 1378 1161 1410 in
1186 1378 1387 1411 conscientia
1411 1378 1450 1411 ad
1475 1379 1538 1412 hoc
1562 1380 1717 1420 adstricti,
1728 1393 1819 1412 vanam
1874 1394 1912 1415 ὴ..

211 1271 377 1304 seniorum
410 1270 665 1306 imbecillitatem
690 1271 722 1304 in
742 1271 943 1315 perferendis

210 1323 377 1357 laboribus
389 1323 542 1356 sublevet.
554 1323 732 1357 Universim
747 1324 942 1358 combinatio

210 1376 413 1410 sacerdotum
439 1379 477 1409 ea
500 1376 787 1421 circumspectione
813 1388 942 1421 semper
1728 1418 1792 1439 boant

209 1428 276 1469 fiat,
294 1434 338 1470 ut,
356 1429 388 1462 in
405 1439 602 1473 unoquoque
621 1440 702 1463 unus
719 1431 767 1463 vel
786 1432 869 1463 alter
887 1432 941 1465 dc-

209 1480 306 1515 ficere
320 1482 474 1524 noscitur,
490 1483 614 1523 tertius,
630 1483 780 1526 opposita
793 1494 856 1526 qua
870 1484 942 1517 emi—

209 1540 265 1568 net
281 1535 408 1575 virtute,
428 1535 591 1568 delectum
609 1536 744 1579 proximi
762 1537 820 1575 sui,
835 1537 940 1579 quoad

208 1587 279 1620 fieri
296 1594 422 1631 posset,
442 1588 582 1632 corrigat
598 1593 692 1631 atque
713 1589 875 1622 emendet.

252 1650 347 1674 XLvn.
377 1640 535 1681 praterea,
564 1652 628 1674 non
655 1642 821 1685 indignum
847 1643 942 1685 quili-

209 1693 265 1727 bet
288 1694 473 1732 arbitretur,
491 1695 515 1727 si
543 1695 574 1727 in
600 1695 747 1737 proximo
765 1705 822 1728 suo
840 1701 943 1729 custo-

210 1746 282 1780 dem
309 1746 435 1786 habeat,
458 1758 475 1780 a
500 1757 564 1790 quo
590 1747 778 1780 charitative
803 1749 943 1791 corriga-

211 1803 262 1831 tur
279 1804 310 1832 et
326 1805 504 1839 moueatur,
523 1799 618 1843 idque
638 1806 700 1833 tam
719 1801 826 1843 quoad
844 1801 942 1835 actio-

210 1861 266 1884 nes
291 1861 374 1895 quae
400 1852 509 1892 domi,
532 1863 627 1896 quam
653 1853 759 1895 quoad
785 1863 822 1886 ea
861 1864 942 1897 quae

210 1904 290 1938 soris
325 1910 550 1948 peraguntur:
578 1911 778 1949 quapropter
813 1916 943 1950 semper

210 1958 319 1995 conari
340 1958 468 1997 debent,
487 1963 523 1990 ut
541 1958 604 1991 duo
621 1959 724 1998 simul,
744 1960 839 1993 etiam
853 1959 941 1999 roris,

212 2011 357 2051 existant,
375 2011 429 2054 qui
453 2011 514 2044 sibi
538 2011 675 2045 invicem
694 2011 759 2045 sint
782 2017 846 2046 tam
867 2023 943 2046 eon-

210 2063 401 2096 versationis
433 2071 530 2107 quam
554 2063 760 2098 innocentiae
786 2070 884 2099 testes
907 2076 943 2099 ac

156 2149 157 2152 ,
210 2116 400 2150 monitores.

252 2180 364 2204 xtviu.
391 2171 571 2214 Hospitales
607 2171 645 2204 ad
681 2171 819 2206 invicem
849 2178 880 2206 et
903 2172 942 2206 ad

211 2232 323 2257 omnes
348 2223 538 2256 charitative
556 2233 626 2256 cum
651 2223 738 2258 omni
763 2224 943 2258 humilitate

212 2286 245 2309 se
260 2276 446 2316 exhibeant,
458 2281 489 2310 et
502 2276 633 2310 servitia
646 2277 831 2310 necessaria
845 2278 944 2311 omni-

210 2327 272 2362 bus
306 2329 463 2372 praestari
500 2340 517 2362 a
553 2330 618 2362 suis
654 2334 790 2370 cureut3
817 2329 942 2364 itineris

213 2381 298 2414 enim
316 2381 472 2415 molestiis
492 2382 665 2424 defatigati,
689 2382 859 2425 rellagerio
885 2383 944 2417 ho-

212 2433 396 2477 spitalitatis
425 2434 586 2468 sublevari
614 2435 750 2475 debent·‚
777 2446 854 2478 erga
871 2447 944 2479 per-

213 2496 306 2520 sonas
332 2497 406 2520 vero
433 2488 664 2532 cuiuscumque
696 2493 804 2529 status,
822 2491 944 2522 servata

212 2539 435 2587 proportione,
460 2551 495 2576 se
528 2541 637 2575 taliter
661 2540 813 2584 habeant,
839 2546 874 2575 ut
904 2543 943 2577 ab

983 1441 1064 1474 quae
1090 1430 1266 1474 requiritur
1291 1436 1323 1463 et
1346 1431 1465 1464 sufficit
1488 1431 1528 1464 ad
1552 1432 1718 1466 vitandum

983 1484 1178 1523 scandalum,
1198 1488 1229 1516 et
1247 1483 1286 1516 ad
1306 1484 1488 1526 proximam
1513 1485 1717 1518 occasionem

983 1536 1138 1579 peccandi
1165 1536 1353 1569 tollendam.
1375 1536 1421 1569 Ad
1443 1537 1619 1570 tollendam
1639 1547 1716 1571 vero

984 1598 1111 1622 ornnem
1135 1588 1331 1622 clericorum
1356 1599 1427 1621 cum
1452 1590 1645 1623 mulieribus
1663 1601 1718 1624 co-

984 1641 1228 1680 habitationem,
1246 1641 1277 1673 in
1291 1651 1362 1684 cap.
1378 1641 1596 1675 Inlzibendum
1611 1642 1717 1676 σπίνω

983 1694 1034 1736 (de
1061 1694 1298 1727 cohabitatione
1328 1694 1518 1727 clericorum
1546 1699 1574 1727 el
1601 1695 1718 1729 mulie-

983 1747 1066 1789 rum)
1084 1746 1128 1779 ita
1145 1746 1316 1779 statuitur:
1341 1758 1352 1777 (t
1370 1746 1589 1779 lnlzibendum
1607 1752 1661 1788 esc,
1681 1750 1718 1781 ut

983 1799 1096 1832 nullus
1112 1798 1256 1832 sacerdos
1268 1799 1418 1841 seminas,
1431 1799 1469 1832 de
1484 1799 1600 1843 quibus
1612 1799 1718 1844 suspi-

983 1853 1030 1885 cio
1053 1856 1154 1896 polest
1177 1862 1251 1893 esse,
1271 1852 1419 1892 retineat,
1439 1852 1493 1885 sed
1508 1863 1610 1897 neque
1630 1854 1715 1895 illem,

983 1916 1065 1949 quas
1089 1906 1173 1939 sacri
1199 1916 1334 1938 canones
1358 1906 1547 1947 concedunt,
1567 1904 1731 1948 matrem,f

984 1959 1135 1999 oblitam,
1160 1968 1311 1998 sororem,
1338 1959 1426 2002 quia,
1449 1959 1626 2002 instigante
1648 1959 1718 1992 dia·

984 2011 1065 2052 bolo,
1093 2016 1121 2044 et
1145 2012 1181 2044 in
1205 2011 1276 2043 iltis
1299 2011 1401 2044 scelus
1422 2016 1645 2055 perpetratum
1669 2022 1718 2046 re-

981 2065 1154 2108 peritur».
1180 2063 1271 2098 Unde
1296 2074 1449 2107 praesens
1472 2064 1655 2098 institutum
1679 2075 1717 2099 eo

985 2117 1141 2157 collimat,
1163 2122 1199 2149 ut
1222 2117 1341 2157 clerici,
1363 2117 1396 2149 in
1423 2118 1538 2151 eodem
1562 2118 1715 2159 viventes,

984 2170 1016 2203 in
1040 2170 1250 2203 instituendis
1272 2170 1348 2202 hino
1365 2169 1397 2202 in
1415 2169 1542 2203 familiis
1569 2170 1717 2204 timorem

983 2223 1038 2257 Dei
1056 2223 1233 2263 custodem,
1252 2223 1431 2255 castitatem
1449 2222 1622 2264 dominam,
1636 2234 1717 2257 amo·

984 2286 1053 2309 rem
1077 2285 1152 2309 vero
1184 2280 1341 2308 rectorem
1374 2275 1473 2308 totius
1499 2275 1612 2308 domus
1637 2285 1716 2309 suae

985 2329 1137 2363 habeant.

1028 2392 1073 2415 m.
1098 2381 1237 2416 Proinde
1268 2381 1388 2414 nemini
1420 2381 1552 2423 licebit,
1579 2391 1614 2415 ex
1640 2388 1731 2416 sexu.)

985 2435 1146 2475 muliebri,
1178 2435 1245 2468 sive
1269 2439 1427 2475 matrem,
1453 2435 1518 2468 sive
1544 2445 1722 2477 sororem„

986 2489 1051 2522 sive
1076 2489 1169 2522 aliam
1189 2488 1222 2521 in
1243 2497 1446 2532 quocumque
1465 2488 1564 2531 gradu
1588 2498 1726 2527 consan-;

1022 2552 1034 2579 t
1055 2550 1169 2581 Videtur
1186 2550 1330 2587 legendum
1348 2553 1387 2579 est
1406 2557 1452 2586 pro
1472 2553 1555 2579 extra
1574 2550 1610 2587 (u.
1625 2550 1673 2586 τ.).
1707 2574 1710 2575 ⁷
