2111 3157
195 262 245 289 Λη.
268 261 296 288 c.
315 261 382 289 ¹o87
429 250 493 286 758

221 428 309 455 Species
322 428 377 449 sacti.

219 2389 328 2409 nemetum
342 2395 372 2409 za-

191 2421 242 2445 erav·
257 2416 373 2442 Congrege-

192 2445 263 2463 tionis.

578 308 776 338 Innocentius
796 308 876 341 Papa
895 307 943 341 XI,

529 356 564 382 ad
581 355 713 381 futuram
730 353 772 380 rei
793 353 975 379 memoriam.

435 418 448 460 ἓ
467 418 497 450 1.
517 417 625 460 Nuper
641 427 700 459 pro
719 420 810 459 parte
825 414 934 448 dilecti
950 414 1005 447 filii
1022 413 1129 447 Caroli

389 481 406 503 a
424 471 521 503 Matre
541 470 592 502 Dei
615 469 837 512 procuratoris
863 468 1024 511 generalis
1049 467 1130 500 Con-

389 522 588 566 gregationis
615 521 746 553 fratrum
770 520 897 553 Ordinis
928 521 1041 552 Beatae
1068 520 1129 552 Ma-

388 576 454 608 riae
481 576 519 608 de
544 575 691 607 Mercede
717 573 954 617 redemptionis
987 573 1129 617 captivo—

388 639 456 661 rum
474 629 747 661 Discalceatorum
775 632 1031 670 nuncupatorum
1054 627 1129 660 Con-

387 681 568 724 gregatioui
597 680 834 713 venerabilium
854 680 987 713 fratrum
1005 686 1128 713 nostro-

387 744 457 766 rum
490 734 520 767 S.
549 734 586 766 P..
614 734 648 766 E.
675 734 896 773 cardinalium,
923 734 1065 776 negociis
1099 739 1129 767 et

386 788 680 822 consultationibus
705 789 932 831 episcoporum
955 793 986 820 et
1003 788 1128 830 regula-

387 842 470 874 rium
488 841 703 884 praepositae,
720 841 875 884 exposito‚
891 841 975 884 quod
992 840 1127 873 dilectus

385 895 510 938 pariter
535 895 617 927 filius
653 895 791 927 vicarius
827 894 990 937 generalis
1024 894 1127 927 dictae

386 947 654 990 Congregationis
689 948 825 980 fratrum
856 947 1127 979 Discalceatorum

386 1002 576 1043 cognoverit
607 1002 639 1033 in
671 1002 782 1034 eadem
820 1001 1079 1043 Congregatione
1111 1011 1128 1033 a

385 1053 552 1086 nonnullis
578 1054 802 1096 superioribus
839 1053 998 1086 localibus
1029 1053 1128 1085 intro-

386 1107 518 1139 ductum
545 1107 643 1139 fuisse
670 1107 805 1139 abusum
831 1106 1041 1139 consumendi
1074 1117 1126 1138 ca-

385 1160 496 1203 pitalia
514 1160 726 1203 pecuniarum
744 1161 803 1192 sub
826 1160 917 1192 titulo
935 1159 1036 1191 mutui
1055 1170 1127 1192 eum

385 1214 454 1246 sola
480 1213 613 1246 licentia
638 1214 732 1245 unius
760 1224 796 1246 ex
822 1213 1046 1256 superioribus
1063 1224 1128 1245 ma-

385 1265 508 1298 ioribus
534 1266 635 1309 ipsius
661 1266 942 1308 Congregatiouis,
969 1266 1125 1309 ipsosque

384 1319 572 1361 superiores
599 1319 720 1351 locales
737 1319 874 1351 subinde
897 1319 933 1351 ad
954 1319 1128 1351 restitutio-

384 1382 458 1403 nem
485 1373 646 1414 obligatos
663 1373 802 1414 allegare
822 1373 1126 1414 impossibilitatem,

386 1434 423 1457 eo
449 1425 536 1467 quod
569 1425 727 1467 pecuniae
766 1425 950 1457 huiusmodi
977 1425 1009 1457 in
1035 1426 1123 1458 solu-

386 1477 507 1510 tionem
535 1478 618 1510 aeris
637 1477 733 1510 alieni
753 1478 897 1519 aliasque
921 1478 1126 1510 necessitates

386 1535 538 1572 erogatae
564 1530 694 1569 fuerint,
713 1535 808 1572 atque
835 1529 878 1562 ita
899 1536 1075 1562 conventus
1094 1531 1126 1563 iu

384 1589 580 1626 perpetuum
595 1588 784 1625 aggravatos
800 1593 977 1620 remanere,
990 1594 1062 1615 cuni
1072 1594 1127 1626 pe-

384 1635 499 1668 cuniae
524 1636 570 1667 sic
594 1641 705 1668 mutuo
722 1642 873 1678 acceptae
894 1643 1127 1668 consumantur

385 1693 498 1721 contra
523 1689 774 1731 apostolicarum
799 1689 1065 1721 constitutionum
1095 1694 1126 1721 et

383 1741 591 1775 decretorum
616 1742 838 1775 conciliarium
865 1742 1124 1785 dispositionem,

383 1805 419 1827 ac
444 1795 583 1838 proinde
603 1795 688 1827 idem
709 1795 846 1827 vicarius
865 1796 1025 1837 generalis
1041 1805 1126 1827 man-

383 1847 506 1881 daverit
530 1848 592 1890 ipsi
618 1848 732 1880 Carolo
759 1848 961 1890 procuratori
979 1849 1125 1890 generali

383 1906 418 1933 ut
435 1912 452 1933 a
473 1901 616 1943 praefata
633 1901 890 1943 Congregatione
914 1901 1125 1933 cardinalium

383 1954 554 1996 prohiberi
582 1954 746 1986 obtineret
770 1954 918 1987 omnibus
950 1954 1126 1996 superiori·

382 2007 443 2040 bus
468 2008 700 2050 cuiuscumque
726 2009 845 2050 gradus
864 2009 1029 2051 praefatae
1046 2008 1126 2041 Con-

384 2061 585 2103 gregationis
610 2062 744 2093 fratrum
771 2061 1059 2101 Discaleeatorum‚
1085 2072 1124 2094 ne

383 2114 416 2146 in
443 2115 585 2147 futurum
611 2115 794 2147 facultatem
825 2115 1043 2148 concederent
1069 2126 1122 2147 re-

383 2167 525 2211 cipiendi
543 2174 653 2202 mutuo
668 2168 817 2212 capitalia
832 2169 1050 2211 pecuniarum,
1066 2179 1124 2202 nec

383 2220 440 2254 illa
464 2227 703 2262 consumerent,
731 2222 792 2254 nisi
818 2227 944 2254 servato
969 2221 1048 2254 iuris
1074 2232 1125 2254 or—

384 2273 478 2307 dine:
505 2275 667 2308 emanavit
683 2276 723 2307 ab
742 2276 854 2308 eadem
868 2275 1124 2317 Congregationc

385 2328 597 2361 cardinalium
622 2329 787 2361 decretum
809 2328 930 2361 tenoris
949 2328 1003 2371 qui
1022 2328 1125 2370 sequi-

385 2386 447 2421 tur,
475 2382 645 2415 videlicet:
670 2395 682 2413 <t
697 2382 790 2415 Sacra
806 2382 1019 2425 Congregatio
1046 2382 1124 2414 emi-

386 2436 649 2469 nentissimorum
674 2437 704 2469 S.
726 2437 762 2468 R.
780 2436 813 2469 E.
841 2435 1052 2469 cardinalium
1074 2446 1125 2467 ne-

387 2488 487 2531 gociis
513 2494 544 2521 ct
568 2489 860 2522 consultationibus
893 2489 1123 2532 cpiscoporum

388 2546 419 2573 et
443 2541 640 2583 regularium
665 2543 871 2586 praeposita,
896 2542 1027 2575 attentis
1052 2552 1124 2574 nar-

387 2595 481 2634 ratis,
507 2596 632 2628 censuit
660 2597 834 2639 praedictis
866 2596 1026 2639 religiosis
1058 2605 1123 2627 non

388 2648 483 2683 licere
509 2649 693 2682 enunciatas
719 2650 873 2692 pecunias
902 2655 1014 2683 mutuo
1040 2648 1123 2681 acci-

974 257 1155 282 sst'timmmt
1179 257 1262 281 now
1267 258 1330 281 NUM

1171 316 1257 348 pere,
1284 305 1345 338 nisi
1370 304 1451 338 iuris
1478 305 1593 339 ordine
1619 310 1757 340 servato.
1776 305 1910 347 Romae,

1169 370 1207 392 xx
1236 359 1360 400 martii,
1386 369 1595 393 iinctxxxvu.
1614 379 1658 382 —
1674 359 1710 394 G.
1734 359 1910 393 cardinalis

1170 412 1358 445 emmaus.
1374 433 1417 437 -—
1434 413 1468 445 B.
1492 412 1700 446 PANcmricus
1717 417 1833 445 secret.
1853 424 1885 445 i».

1215 466 1229 508 ξ
1254 465 1284 498 2.
1313 465 1388 498 Cum
1413 471 1532 505 autem,
1552 465 1635 498 sicut
1656 466 1758 499 dictus
1777 465 1909 499 Carolus

1170 523 1363 560 procurator
1386 518 1547 560 generalis
1574 518 1668 551 nobis
1692 518 1831 551 subinde
1856 529 1910 551 ex-

1171 570 1247 613 poni
1280 571 1369 610 feeit,
1399 571 1467 613 ipse
1499 571 1666 603 decretum
1699 570 1910 611 huiusmodi,

1172 634 1237 666 quo
1264 623 1385 655 firmius
1423 623 1576 656 subsistat
1602 628 1634 656 et
1665 629 1814 657 servetur
1837 634 1911 657 exa-

1171 676 1264 717 ctius,
1287 676 1483 719 apostolicae
1502 676 1758 709 confirmationis
1779 681 1910 710 nostrae

1171 729 1354 772 patrocinio
1380 729 1571 762 communiri
1588 729 1763 772 plurimum
1783 729 1912 762 deside-

1171 789 1235 816 ret:
1261 794 1332 823 nos,
1361 783 1467 826 ipsum
1492 782 1640 815 Carolum
1665 788 1912 825 procuratorem

1171 837 1358 878 generalem
1385 835 1580 879 specialibus
1607 835 1766 868 favoribus
1783 840 1813 868 et
1831 845 1908 878 gra-

1172 889 1222 921 tiis
1242 889 1394 932 prosequi
1413 889 1576 928 volentes,
1592 893 1623 921 et
1641 899 1657 921 a
1675 888 1840 931 quibusvis
1857 899 1912 922 ex-

1170 942 1487 981 communicationis,
1505 941 1731 984 suspensionis
1757 947 1789 975 et
1811 942 1912 975 inter-

1170 997 1269 1036 dicti,
1295 995 1433 1039 aliisque
1465 995 1695 1028 ecelesiasticis
1721 995 1910 1036 sententiis,

1169 1049 1315 1082 censuris
1333 1054 1364 1081 et
1381 1048 1507 1091 poenis,
1526 1059 1542 1081 a
1559 1048 1627 1081 iure
1644 1049 1694 1081 vel
1712 1048 1752 1081 ab
1767 1048 1910 1088 homine,

1170 1103 1281 1146 quavis
1294 1102 1464 1136 occasione
1481 1103 1530 1135 vel
1544 1104 1639 1134 eausa
1652 1102 1736 1143 latis,
1756 1102 1912 1145 siquibus

1170 1156 1420 1199 quomodolibet
1436 1155 1611 1188 innodatus
1636 1155 1750 1196 existit,
1772 1156 1811 1189 ad
1837 1154 1913 1189 effe-

1169 1216 1255 1241 ctum
1279 1209 1504 1253 praesentium
1527 1209 1693 1241 dumtaxat
1710 1218 1912 1252 consequen-

1170 1263 1267 1302 dum,
1296 1264 1409 1296 harum
1436 1262 1519 1295 serie
1545 1262 1748 1295 absolventes
1774 1267 1805 1295 et
1821 1263 1913 1295 abso-

1170 1318 1271 1350 lutum
1304 1317 1371 1349 fore
1397 1321 1589 1354 censentes,
1615 1315 1910 1359 supplicationibus

1170 1370 1238 1402 eius
1264 1370 1394 1402 nomine
1421 1369 1515 1402 nobis
1541 1379 1638 1412 super
1663 1369 1726 1401 l'ioc
1743 1369 1911 1402 humiliter

1170 1423 1329 1465 porrectis
1355 1422 1511 1461 inclinati,
1538 1422 1703 1454 decretum
1729 1421 1912 1463 praeinser-

1170 1482 1246 1514 tum,
1261 1476 1448 1509 auctoritate
1469 1475 1658 1519 apostolica,
1682 1481 1795 1509 tenore
1814 1487 1911 1519 prae·

1169 1530 1324 1569 sentium,
1360 1528 1588 1562 confirmamus
1613 1534 1645 1562 et
1669 1530 1908 1573 approbamus,

1169 1583 1281 1625 illique
1307 1582 1505 1615 inviolabilis
1529 1582 1728 1626 apostolicae
1749 1582 1908 1616 firmitatis

1169 1636 1267 1668 robur
1292 1636 1476 1675 adiicimus3
1493 1636 1577 1668 salva
1595 1640 1703 1668 tamen
1729 1645 1860 1679 semper
1876 1635 1910 1669 in

1168 1688 1353 1731 praemissis
1378 1688 1569 1721 auctoritate
1602 1694 1798 1722 memoratae
1830 1688 1912 1722 Con-

1169 1741 1365 1784 gregationis
1383 1742 1608 1774 cardinalium.

1213 1796 1227 1838 ξ
1252 1794 1283 1828 3.
1312 1795 1529 1828 Decernentes
1554 1795 1685 1829 easdem
1717 1801 1909 1839 praesentes

1170 1848 1294 1881 litteras
1321 1858 1452 1891 semper
1477 1848 1593 1889 firmas,
1611 1849 1732 1882 validas
1752 1855 1784 1882 et
1801 1850 1908 1883 effica—

1168 1913 1222 1935 ces
1247 1903 1386 1935 existere
1413 1907 1444 1935 et
1468 1902 1547 1942 fore,
1574 1913 1716 1946 suosque
1741 1902 1907 1946 plenarios

1168 1949 1368 1997 et'integros
1394 1954 1524 1988 effectus
1549 1955 1658 1988 sortiri
1684 1960 1714 1988 et
1742 1955 1905 1998 obtinere,

1168 2019 1203 2041 ac
1228 2009 1266 2040 ab
1285 2008 1360 2047 illis,
1376 2009 1414 2041 ad
1440 2019 1521 2051 quos
1546 2013 1671 2052 spectat
1695 2013 1727 2041 et
1742 2019 1801 2052 pro
1827 2013 1907 2043 tem·

1167 2073 1246 2106 pore
1264 2062 1433 2105 spectabit,
1461 2062 1692 2095 inviolabiliter
1716 2062 1903 2102 observari,

1168 2116 1276 2158 sieque
1305 2115 1334 2147 in
1366 2115 1552 2158 praemissis
1584 2125 1642 2158 per
1680 2125 1905 2159 quoscumque

1166 2169 1289 2202 iudices
1325 2168 1506 2202 ordinarios
1537 2174 1568 2201 et
1593 2169 1781 2211 delegatos,
1805 2168 1904 2202 etiam

1167 2232 1334 2255 causarum
1372 2221 1484 2265 palatii
1516 2221 1689 2265 apostolici
1714 2220 1902 2262 auditores,

1167 2275 1301 2308 iudicari
1335 2280 1366 2308 et
1391 2275 1518 2308 definiri
1546 2275 1686 2315 debere,
1714 2285 1750 2308 ae
1774 2273 1904 2307 irritum

1167 2335 1199 2360 ot
1222 2329 1317 2361 inane
1343 2328 1369 2361 si
1396 2339 1487 2361 secus
1505 2338 1606 2371 super
1623 2327 1674 2360 his
1692 2338 1710 2360 a
1727 2337 1901 2371 quoquam,

1167 2381 1277 2424 quavis
1301 2381 1502 2420 auctoritate,
1522 2380 1662 2413 scienter
1680 2381 1729 2413 vel
1754 2379 1904 2423 ignoran-

1168 2440 1225 2474 ter,
1252 2434 1422 2477 contigerit
1449 2433 1613 2466 attentari.

1209 2488 1223 2529 ,ξ
1247 2488 1277 2520 [ιι.
1306 2487 1374 2520 Non
1390 2487 1592 2520 obstantibus
1617 2485 1904 2519 constitutionibus

1167 2546 1197 2572 vt
1227 2540 1485 2573 ordinationibus
1510 2539 1708 2583 apostoliciS‚
1733 2544 1773 2579 et,
1791 2543 1904 2582 quate-

1168 2605 1225 2626 nus
1252 2605 1332 2637 opus
1357 2595 1408 2634 sit,
1429 2594 1531 2626 dictae
1556 2592 1821 2636 Congregationis
1839 2592 1902 2625 fra-

1168 2653 1249 2679 trum
1275 2647 1559 2688 Discaleeatorum,
1579 2646 1682 2694 retiam
1706 2645 1900 2693 iuramento.

1919 255 1968 283 An.
1985 255 2014 289 C,
2034 256 2099 287 ¹687

1968 476 2101 501 Confirmatio

1920 502 1982 524 rotati
1997 504 2083 526 decreti.

1945 1802 2065 1826 Clausum.

1969 2511 1971 2514 ,
1981 2489 2092 2515 vernante

1913 2517 2070 2539 conti-murum.

1934 2663 1947 2679 1
