2111 3157
151 195 199 223 An.
220 194 249 222 C.
269 193 334 220 1679

180 2527 304 2549 Clausulam

380 184 443 217 ttlt

340 244 438 286 plene
464 246 497 275 et
520 240 720 273 sufficienter
745 235 905 280 expressis
924 240 955 267 et
975 234 1077 266 inser-

341 297 381 328 tis
409 296 580 333 habentes,
611 290 796 324 huiusmodi
828 286 1077 332 supplicationi-

339 350 400 381 bus
436 347 590 385 inclinati,
626 348 839 377 memoratam
877 339 1076 384 provinciam

340 402 369 435 S.
398 401 480 434 Petri
507 400 544 431 de
561 400 729 431 Almanam
746 395 777 427 in
796 404 896 437 regno
913 392 1075 436 Neapolis,

340 465 514 497 omnesque
552 458 582 484 et
612 451 757 493 singulos
795 448 863 481 eius
899 450 1075 479 conventus

339 520 374 541 ae
400 507 584 551 superiores
616 509 647 537 et
676 503 792 535 fratres
818 504 1008 545 praesentes
1044 502 1076 530 et

337 564 472 599 tuturos,
499 558 647 591 omnibus
665 562 696 589 et
720 555 856 598 singulis
879 551 1072 597 privilegiis,

336 612 576 657 praerogativis,
594 608 874 654 praeeminentiis,
900 605 1073 644 favoribus,

337 666 449 708 gratiis
474 670 504 697 et
529 663 672 702 indultis,
699 672 779 705 quac
817 660 909 693 dictis
943 658 1074 701 provin-

336 720 393 751 ciis
418 718 604 761 Hispaniae,
631 726 688 748 seu
718 725 828 748 earum
860 713 969 751 alicui,
1004 711 1073 744 illa-

334 783 471 815 rumque
496 770 674 813 respective
699 768 926 812 superioribus
958 771 989 798 et
1014 767 1072 798 sra-

335 827 436 859 tribus
463 825 729 867 quibuscumque,
745 834 762 855 a
778 821 930 865 praefatis
951 820 1072 862 Grego-

334 880 383 912 rio
409 879 484 917 XIII,
510 878 677 911 Clemente.
702 876 777 915 vill,
804 876 935 908 Urbano
960 874 1022 906 vul
1041 879 1072 906 et

334 931 518 964 Alexandro
542 930 592 961 vlt
617 927 924 971 praedecessoribus
941 937 1000 970 per
1020 936 1072 958 eo-

334 995 405 1017 rum
416 984 542 1017 litteras
556 993 653 1025 supra
668 980 872 1013 enunciatas¹
890 979 1070 1022 respective

334 1036 581 1080 quomodolibet
605 1045 762 1067 concessa
788 1039 819 1065 et
843 1033 996 1065 attributa
1014 1043 1071 1064 seu

335 1090 521 1123 confirmata
546 1093 578 1121 et
602 1098 757 1120 concessa
781 1087 919 1125 fuerunt,
937 1085 1073 1129 paritor-

334 1142 432 1175 miter
456 1146 487 1174 et
508 1141 630 1183 absque
649 1141 715 1172 ulla
735 1149 868 1182 prorsus
891 1138 1072 1171 differentia

334 1194 389 1233 uti,
417 1194 501 1233 frui,
527 1193 622 1236 potiri
658 1198 689 1225 et
722 1192 862 1235 gaudere
900 1191 1004 1224 libere
1042 1198 1073 1224 et

334 1247 422 1280 licite
440 1256 535 1289 posse
554 1251 586 1278 et
606 1245 735 1283 debere,
751 1245 783 1277 in
801 1244 949 1277 omnibus
967 1249 997 1277 et
1014 1255 1073 1287 per

335 1300 453 1339 omnia,
477 1299 613 1342 perinde
638 1309 674 1331 ac
698 1298 724 1330 si
743 1298 799 1330 illa
819 1297 928 1330 omnia
952 1303 983 1329 et
1007 1297 1072 1330 sin·

336 1355 410 1395 gula
435 1353 497 1395 ipsi
523 1351 709 1395 provinciae
734 1351 763 1383 S.
786 1350 871 1383 Petri
898 1351 936 1382 de
962 1350 1073 1382 Alcan-

337 1413 406 1438 tara
430 1406 463 1438 in
495 1415 597 1447 reguo
628 1404 781 1447 Neapolis
816 1403 968 1446 illiusque
999 1414 1074 1436 con-

338 1459 487 1491 ventibus
523 1470 558 1491 ac
591 1457 817 1500 superioribus
854 1462 886 1489 et
922 1457 1072 1489 fratribus

336 1511 510 1555 praedictis
547 1510 738 1543 nominatim
773 1515 805 1541 et
837 1509 869 1541 in
905 1509 1073 1542 individuo

335 1575 394 1607 per
418 1568 633 1597 memoratum
659 1562 857 1595 Clementem
883 1563 1074 1605 praedeces-

337 1627 445 1650 sorem
470 1617 502 1649 in
536 1617 602 1649 suis
637 1616 753 1648 litteris
790 1626 887 1658 super
911 1616 1073 1648 erectione

337 1670 523 1714 provinciae
545 1669 732 1701 huiusmodi
748 1669 904 1701 emanatis
923 1679 1075 1701 concessa

337 1724 551 1767 reperiantur,
579 1722 767 1755 auctoritate
806 1722 994 1765 apostolica,
1028 1727 1075 1754 te-

338 1789 418 1811 nore
457 1777 706 1820 praesentium,
741 1777 944 1808 declaramus
977 1782 1073 1820 atque

340 1831 564 1869 decernimus;
593 1835 634 1867 et,
649 1835 810 1872 quatenus
841 1840 921 1872 opus
946 1829 995 1869 sit,
1014 1830 1074 1873 ipsi

338 1883 525 1928 provinciae
550 1883 578 1916 S.
605 1883 688 1915 Petri
715 1883 754 1914 de
781 1883 951 1915 Alcantara
976 1883 1007 1915 in
1026 1894 1076 1916 rc-

340 1948 403 1979 gno
428 1936 588 1979 Neapolis
623 1936 757 1978 eiusque
795 1935 1015 1978 superioribus
1046 1941 1078 1969 et

340 1990 493 2022 tratribus
519 1988 682 2032 praefatis,
710 1994 744 2020 ut
773 1989 924 2021 omnibus
958 1994 990 2021 et
1015 1989 1078 2022 sin-

341 2044 425 2086 gulis
462 2042 652 2086 privilegiis,
688 2041 930 2084 praerogativis,
966 2052 1078 2085 praec-

340 2096 514 2135 rninentiis,
542 2095 676 2134 iuribus,
702 2094 895 2134 honoribus,
917 2095 1027 2136 gratiis
1049 2101 1080 2127 et

341 2149 475 2181 indultis
501 2147 701 2188 huiusmodi,
727 2158 788 2180 nec
813 2158 879 2180 non
899 2147 976 2188 illis,
996 2159 1078 2191 quae

343 2202 388 2234 eis
414 2213 431 2234 a
456 2202 600 2244 praefato
637 2200 804 2233 Clemente
830 2200 855 2232 X
888 2201 1081 2243 praedeces-

344 2266 418 2288 sore
455 2255 537 2287 sicut
573 2254 791 2297 praemittitur
826 2264 981 2287 concessa
1016 2255 1082 2287 sue-

343 2312 431 2347 runt,
460 2307 514 2347 uti,
541 2307 637 2350 potiri
664 2312 695 2340 et
720 2307 861 2349 gaudere
885 2307 1000 2347 libere,
1027 2318 1081 2350 pa-

345 2361 425 2393 riter
457 2366 489 2393 et
523 2360 611 2393 licite
651 2361 789 2399 valeant,
830 2360 1016 2393 auctoritate
1052 2365 1082 2393 et

346 2419 460 2446 tenore
487 2413 674 2455 praedietis,
702 2414 740 2445 de
766 2423 849 2446 novo
875 2413 1082 2447 concedimus

348 2472 377 2499 et
404 2466 621 2508 indulgemus.

393 2520 407 2562 g
431 2520 462 2552 4.
490 2520 707 2552 Decernentes
738 2520 869 2553 easdem
893 2524 1082 2563 praesentes

385 2584 395 2609 1
421 2582 489 2608 Edit.
507 2581 584 2608 Main.
603 2582 666 2617 legit
683 2583 846 2609 emunetatis
865 2584 902 2611 (n.
920 2584 969 2611 τὴ.

920 184 1099 210 ΒΓΗΑΙΠΕΜ
1124 183 1274 208 ROMANUM

1860 182 1910 211 An.
1933 183 1962 211 C.
1979 184 2045 213 1679

1119 232 1244 265 litteras
1269 241 1399 275 semper
1432 230 1550 271 firmas,
1586 231 1706 265 validas
1731 237 1762 265 et
1787 233 1854 266 effi-

1119 295 1208 317 caces
1233 285 1371 317 existere
1404 289 1436 316 et
1458 284 1540 324 sore,
1567 295 1708 328 suosque
1739 287 1853 328 plena-

1118 338 1182 371 rios
1209 342 1241 370 et
1264 338 1410 380 integros
1428 337 1560 370 effeetus
1583 338 1689 370 sortiri
1715 343 1746 371 et
1771 340 1854 373 obti-

1119 402 1206 431 nere,
1239 401 1275 424 ac
1305 391 1391 432 illis,
1417 391 1456 423 ad
1481 401 1563 433 quos
1589 396 1714 434 spectat
1738 397 1770 425 et
1793 403 1852 436 pro

1118 449 1265 488 tempore
1301 444 1571 487 quandocumque
1608 444 1786 486 spectabit,
1821 446 1853 479 in

1117 498 1268 530 omnibus
1295 504 1326 531 et
1350 507 1407 540 per
1431 496 1539 530 omnia
1568 497 1757 540 plenissime
1789 499 1854 531 sut*-

1117 552 1244 594 sragari‚
1264 556 1295 585 et
1311 552 1350 584 ab
1365 551 1411 583 eis
1428 550 1607 594 respective
1625 550 1854 585 inviolabiliter

1117 605 1289 645 observari,
1305 605 1415 647 sicque
1429 603 1462 636 in
1479 603 1666 646 praemissis
1685 614 1744 647 per
1760 616 1854 648 quos-

1116 669 1253 701 cumque
1272 658 1397 691 iudices
1415 657 1598 690 ordinarios
1621 661 1652 689 et
1676 657 1852 700 delegatos,

1115 712 1212 744 etiam
1239 722 1408 744 causarum
1432 711 1544 754 palatii
1570 711 1740 754 apostolici
1765 713 1854 745 audi-

1116 769 1216 804 tores,
1250 765 1389 797 iudicari
1424 770 1456 797 et
1479 763 1609 797 definiri
1647 764 1779 805 debere,
1817 776 1853 797 ac

1115 819 1242 850 irritum
1270 822 1301 850 et
1333 818 1429 850 inane
1461 817 1486 850 si
1515 828 1606 850 secus
1631 828 1729 861 super
1760 818 1811 850 his
1835 829 1853 851 a

1115 881 1294 914 quoquam,
1320 870 1433 913 quavis
1465 871 1674 910 auctoritate,
1714 871 1854 904 scienter

1115 924 1164 956 vel
1195 924 1397 965 ignoranter,
1423 922 1597 965 contigerit
1619 924 1784 956 attentari.

1158 977 1173 1019 ἓ
1198 976 1229 1008 5.
1255 975 1324 1008 Non
1356 975 1559 1008 obstantibus
1592 976 1790 1019 apostolicis,
1817 984 2044 1030 aciconunuomm

1117 1029 1147 1061 in
1172 1028 1407 1062 universalibus
1434 1028 1754 1073 provincialibusque
1779 1013 1980 1064 con-*mgm'

1116 1081 1196 1113 ciliis
1222 1081 1325 1120 editis,
1352 1081 1557 1123 generalibus
1581 1083 1630 1114 vel
1645 1083 1851 1125 specialibus,

1115 1135 1405 1167 constitutionibus
1439 1139 1472 1166 et
1491 1134 1762 1176 ordinationibus,
1793 1147 1854 1169 nec

1116 1199 1181 1220 non
1206 1187 1355 1220 omnibus
1386 1192 1418 1220 et
1443 1187 1577 1230 singulis
1608 1187 1673 1220 illis
1703 1199 1785 1231 quae
1820 1189 1853 1221 in

1117 1242 1335 1284 praefatorum
1361 1241 1651 1284 praedecessorum
1668 1247 1854 1275 nostrorum

1117 1294 1232 1327 litteris
1269 1294 1463 1338 supradictis
1498 1304 1651 1327 concessa
1683 1299 1759 1327 sunt
1789 1305 1855 1327 non

1117 1348 1265 1388 obstare,
1299 1348 1482 1391 ceterisque
1520 1347 1689 1380 contrariis
1722 1347 1854 1391 quibus-

1116 1412 1265 1444 cunique.

1160 1455 1230 1498 ξ6.
1257 1455 1410 1487 Volumus
1448 1459 1554 1487 autem
1593 1458 1629 1486 ut
1668 1455 1853 1487 earumdem

1117 1508 1337 1551 praesentium
1362 1507 1542 1540 litterarum
1561 1508 1778 1550 transumptis,
1798 1518 1854 1540 seu

1118 1560 1284 1603 exemplis,
1309 1560 1405 1593 etiam
1429 1560 1605 1603 impressis,
1633 1570 1730 1593 manu
1755 1559 1855 1593 alicu-

1118 1615 1165 1647 ius
1189 1615 1307 1648 notarii
1333 1614 1457 1657 publici
1475 1613 1676 1656 subscriptis,
1699 1619 1730 1646 et
1747 1613 1854 1656 sigillo

1118 1678 1275 1710 personae
1300 1667 1331 1699 in
1358 1666 1575 1700 ecelesiastica
1601 1666 1757 1708 dignitate
1783 1677 1856 1699 eon-

1119 1721 1245 1754 stitutae
1281 1720 1421 1760 munitis,
1459 1720 1569 1752 eadem
1610 1729 1744 1762 prorsus
1775 1719 1855 1753 fides

1119 1779 1182 1806 tam
1208 1773 1240 1806 in
1266 1773 1384 1806 iudicio
1411 1784 1506 1815 quam
1531 1777 1619 1805 extra
1640 1772 1720 1805 illud
1741 1773 1857 1806 hahea-

1120 1834 1178 1866 tur,
1205 1836 1285 1870 quae
1311 1825 1388 1869 ipsis
1414 1825 1642 1868 praesentibus
1679 1825 1858 1859 haberetur

1119 1881 1143 1913 si
1169 1881 1277 1912 forent
1300 1879 1463 1912 exhibitae
1488 1879 1538 1911 vel
1565 1884 1729 1911 ostensae.

1163 1934 1276 1967 Datum
1292 1933 1423 1973 Romae,
1448 1932 1534 1974 apud
1556 1931 1587 1964 S.
1608 1927 1736 1964 Mariam
1761 1932 1842 1965 Maio

1120 1998 1199 2028 rem,
1225 1986 1284 2019 sub
1309 1986 1432 2019 annulo
1458 1985 1641 2025 Piscatoris‚
1668 1985 1720 2018 die
1745 1995 1764 2018 x
1787 1985 1858 2019 iulii

1121 2049 1294 2079 iinctxxix,
1324 2037 1535 2082 pontificatus
1560 2037 1667 2071 nostri
1695 2048 1781 2071 anno
1806 2048 1857 2072 111.

1156 2102 1217 2128 Dat.
1236 2100 1280 2128 die
1294 2100 1328 2128 10
1342 2100 1399 2128 iulii
1416 2100 1494 2134 1679,
1517 2100 1612 2135 pontif.
1629 2108 1700 2128 anno
1715 2106 1753 2128 111.

1904 1460 1968 1481 Fides
1991 1462 2046 1482 tran·

1865 1490 2003 1514 sumpturum.

1448 2234 1538 2267 LXX.

1125 2304 1345 2347 Confirmatur
1383 2305 1599 2338 summarium
1638 2304 1861 2348 indulgentia-

1167 2370 1242 2391 rum
1281 2359 1587 2402 confraternitatum
1618 2358 1673 2392 SS.
1709 2358 1860 2399 Rosarii,

1168 2412 1254 2456 quod
1276 2413 1371 2456 prius
1399 2423 1418 2444 a
1442 2412 1474 2445 S.
1505 2412 1757 2454 Conqreyalione
1777 2421 1862 2444 reco-

1168 2467 1297 2509 qm‘lum
1322 2470 1349 2498 et
1374 2466 1588 2509 approbatum
1613 2463 1755 2508 suerat¹.

1163 2538 1171 2563 t
1195 2536 1344 2564 Nonnullae
1364 2545 1394 2563 ex
1416 2536 1456 2563 his
1475 2535 1647 2571 indulgentiis
1662 2539 1787 2563 extensae
1801 2535 1862 2562 sue-

1125 2584 1185 2609 rur'
1220 2581 1301 2608 etlam
1331 2581 1363 2608 ad
1388 2581 1453 2608 alios
1481 2585 1556 2608 extra
1585 2581 1820 2608 confraternitates
1847 2587 1863 2609 a
