2111 3157
41 229 91 255 An.
110 227 139 254 C.
158 226 225 255 ¹684

65 289 182 310 ctausutno.

98 1127 214 1158 uproaeauo

30 1156 191 1176 contrariorum.

807 227 1019 252 INNOCENTIUS
1040 227 1070 252 XI
1095 227 1144 252 Pr.

274 275 345 319 35.
371 276 588 310 Decernentes
618 276 749 310 easdem
773 281 964 319 praesentes
1003 275 1042 308 lis
1078 286 1273 317 unczxxxtv,
1308 276 1515 320 pontificatus
1547 276 1650 309 nostri
1681 286 1737 308 an-

228 329 354 362 litteras
390 341 427 363 ac
462 330 709 364 constitutiones
744 329 961 373 praeinsertas
1003 338 1045 361 no
1062 338 1130 362 v111.

228 393 359 426 semper
374 382 491 423 sirmas,
517 383 640 417 validas
665 388 698 417 et
722 382 869 416 efficaces
897 381 963 414 exi-

227 441 315 469 stere
340 441 372 469 et
396 436 475 477 sore,
489 446 630 479 suosque
654 435 818 479 plenarios
836 440 866 467 et
883 434 963 467 inte-

227 497 302 530 gros
319 487 450 522 effectus
467 488 577 522 sortiri
602 492 634 520 et
650 488 808 527 obtinere,
825 497 861 519 ac
886 486 960 526 iltis,

225 540 265 573 ad
286 550 368 584 quos
386 545 511 583 spectat
530 545 562 573 et
581 550 639 583 pro
657 546 802 583 tempore
818 539 961 582 quando-

225 603 365 637 cumque
395 593 577 636 spectabit,
604 592 637 625 in
662 592 814 625 omnibus
840 598 871 625 et
901 602 961 635 per

225 646 337 679 omnia
364 645 555 689 plenissime
580 643 766 687 suffragari,
792 650 825 677 et
847 644 887 676 ab
912 644 959 676 eis

223 699 402 742 respective
426 697 659 731 inviolabiliter
689 696 872 736 observari,
899 695 960 729 sic-

225 761 287 794 que
315 751 348 783 in
370 749 555 794 praemissis
580 759 640 792 per
661 759 886 792 quoscumque
911 749 960 781 iu-

225 804 313 837 dices
350 803 535 837 ordinarios
573 807 606 835 et
638 802 821 844 delegatos,
861 802 959 834 etiam

222 865 395 889 causarum
429 855 541 899 palatii
572 855 742 899 apostolici
774 854 956 895 auditores,

222 909 359 943 iudicari
383 913 415 942 et
438 907 567 942 definiri
600 908 741 948 debere,
773 918 810 941 ac
832 907 957 940 irritum

223 967 255 995 et
272 961 369 995 inane
386 962 412 994 si
431 972 524 995 secus
548 971 648 1005 super
664 961 714 993 his
739 971 756 993 a
780 971 956 1004 quoquam,

219 1014 334 1058 ,quavis
351 1015 552 1055 auctoritate,
571 1013 710 1047 scienter
734 1014 781 1047 vel
806 1014 959 1057 ignoran-

223 1072 283 1107 ter,
305 1067 479 1110 contigerit
502 1067 668 1100 attentari.

268 1120 283 1163 ἓ
307 1120 338 1153 6.
365 1119 436 1153 Non
463 1119 668 1153 obstantibus
693 1119 896 1163 praemissis,
923 1130 959 1152 ac

224 1173 509 1207 constitutionibus
534 1178 567 1206 et
591 1172 851 1206 ordinationibus
881 1183 958 1216 apo-

195 1236 200 1240 ·
223 1225 360 1267 stolicis,
379 1236 516 1266 necnon,
534 1230 694 1268 quatenus
712 1235 793 1268 opus
819 1225 871 1265 sit,
892 1226 960 1269 qui-

76 2022 138 2044 rietes
161 2023 219 2043 tnn-

38 2051 173 2077 nummorum.

224 1277 342 1318 busvis,
369 1277 466 1311 etiam
493 1277 693 1317 iuramento,
711 1277 958 1310 confirmatione

222 1331 414 1374 apostolica,
442 1331 491 1363 vel
508 1330 619 1373 quavis
643 1329 796 1362 firmitate
820 1330 883 1362 alia
908 1340 960 1362 ro-

222 1383 357 1424 boratis,
384 1383 510 1416 statutis
529 1388 560 1416 et
576 1382 876 1423 consuetudinibus,
893 1382 960 1426 pri-

224 1435 353 1479 vilegiis
377 1446 518 1480 quoquc,
544 1436 679 1470 indultis
705 1440 737 1468 et
753 1435 868 1468 litteris
888 1446 961 1478 apo-

224 1489 349 1523 stolicis
362 1489 395 1522 in
409 1489 605 1522 contrarium
618 1489 870 1532 praemissorum
886 1498 961 1532 quo-

224 1542 409 1576 modolibet
432 1542 611 1582 concessis,
632 1541 832 1575 confirmatis
859 1547 891 1574 et
915 1542 961 1574 in-

224 1595 369 1635 novatis3
395 1594 510 1637 quibus
549 1594 699 1627 omnibus
730 1599 763 1627 et
797 1594 958 1637 singulis,

226 1647 359 1680 illorum
380 1653 511 1680 tenores
537 1647 762 1690 praesentibus
786 1655 846 1690 pro
867 1648 962 1690 plene

229 1706 262 1734 et
284 1700 485 1734 sufficienter
508 1700 667 1743 expressis
692 1705 724 1732 et
757 1700 887 1733 insertis
911 1701 964 1733 ha-

228 1753 351 1793 bentes,
369 1752 434 1786 illis
454 1753 533 1785 alias
546 1752 579 1784 in
600 1762 659 1785 suo
677 1753 795 1786 robore
814 1763 964 1796 perman-

226 1806 328 1846 suris,
355 1806 395 1839 ad
420 1805 672 1848 praemissorum
703 1804 854 1838 effectum
870 1832 878 1845 ,
904 1806 965 1838 hac

227 1858 297 1891 vice
323 1858 513 1898 dumtaxat,
546 1857 732 1909 specialiter
753 1863 786 1890 ct
809 1869 963 1901 expresse

228 1911 435 1954 derogamu53
445 1910 628 1954 ceterisque
650 1911 820 1944 contrariis
832 1910 965 1954 quibus-

229 1973 379 2007 cumque.

272 2017 287 2060 ᾗ
318 2016 349 2050 7.
384 2015 537 2049 Volumus
572 2022 679 2049 autem
713 2021 748 2049 ut
779 2016 965 2050 earumdem

228 2070 452 2114 praesentium
470 2069 650 2102 litterarum
672 2070 895 2114 transumptis,
911 2081 966 2104 seu

229 2123 397 2166 exemplis,
410 2123 507 2156 etiam
524 2122 702 2166 impressis,
719 2133 817 2156 manu
831 2124 968 2156 alicuius

230 2175 348 2209 notarii
383 2175 506 2218 publici
542 2175 757 2219 subscriptis,
794 2182 827 2209 et
857 2176 967 2220 sigillo

230 2237 389 2272 personae
414 2227 447 2260 in
471 2227 689 2260 ecclesiastica
710 2228 867 2271 dignitate
891 2239 969 2262 con-

232 2280 362 2314 stitutae
395 2280 552 2321 munitis,
583 2280 697 2313 eadem
731 2291 864 2323 prorsus
889 2281 969 2314 fides

233 2339 298 2366 tam
331 2334 365 2366 in
395 2333 515 2367 iudicio
546 2343 642 2376 quam
665 2339 755 2366 extra
784 2334 866 2367 illud
898 2335 969 2367 ubi-

235 2396 297 2430 que
337 2387 483 2420 locorum
519 2386 736 2428 adhibeatur,
770 2397 854 2430 quae
890 2387 969 2430 ipsis

235 2439 460 2482 praesentibus
497 2439 707 2472 adhiberetur
731 2439 758 2472 si
783 2440 894 2473 forent
917 2451 970 2473 ex-

237 2491 360 2525 hibitae
383 2490 433 2525 vel
458 2498 621 2525 ostensae.

281 2544 394 2577 Datum
422 2545 552 2585 Romae,
567 2545 653 2589 apud
680 2545 710 2579 S.
727 2545 856 2579 Mariam
874 2546 970 2580 Maio-

238 2607 318 2642 rem,
334 2597 392 2631 sub
404 2600 522 2633 annulo
536 2598 721 2642 Piscatoris,
740 2599 790 2632 die
808 2609 868 2633 xvu
887 2600 971 2644 apri-

1039 390 1097 418 Dat.
1113 391 1159 418 die
1174 391 1205 418 17
1225 392 1317 428 aprilis
1337 392 1417 426 168⁴,
1437 392 1534 427 pontif.
1557 399 1628 420 anno
1644 398 1700 420 vin.

1289 507 1448 540 CXXXIX.

1001 575 1209 619 Reformalur
1221 576 1419 610 allernaliva
1431 578 1466 610 in
1483 578 1651 621 provincia
1664 588 1736 611 san-

1044 630 1089 661 cli
1117 628 1229 662 Iacobi
1252 630 1288 662 in
1316 630 1482 673 Hispania
1508 630 1643 663 Ordinis
1665 631 1736 674 sra-

1046 685 1129 713 trum
1162 681 1327 714 Minorum
1359 683 1466 715 sancti
1496 676 1667 716 Francisci
1698 683 1738 716 de

1046 733 1207 767 Observan
1214 729 1260 767 1ῐᾶ
1270 734 1289 767 ¹.

1185 806 1382 833 Innocentius
1406 806 1484 839 Papa
1503 807 1551 838 xt.

1128 848 1164 875 ad
1179 853 1354 883 perpetuam
1369 849 1415 877 rei
1430 850 1610 878 memoriam.

1043 910 1284 953 Circumspecta
1309 910 1442 944 Romani
1472 911 1635 944 Pontificis
1661 922 1737 955 pro-

1000 963 1144 996 videntia
1168 963 1438 1004 christifidelium,
1464 965 1518 1007 qui
1544 975 1560 998 e
1585 964 1735 998 fluctibus

1000 1016 1119 1049 saeculi
1145 1016 1177 1048 in
1202 1021 1331 1059 portum
1355 1017 1438 1050 vitae
1463 1017 1636 1060 religiosae
1661 1028 1737 1051 con-

1000 1069 1165 1112 fugerunt,
1192 1069 1292 1113 quieti
1324 1075 1356 1102 et
1380 1070 1465 1103 felici
1491 1071 1663 1104 directioni
1689 1071 1737 1104 iu-

1001 1123 1086 1165 giter
1105 1122 1288 1165 invigilans,
1307 1133 1352 1161 ea,
1372 1133 1451 1166 quae
1470 1123 1562 1156 iustis
1579 1133 1616 1156 ex
1633 1124 1738 1157 causis

1001 1175 1126 1215 statuit,
1152 1175 1178 1207 si
1203 1175 1279 1218 quid
1312 1175 1387 1208 inde
1420 1175 1541 1209 exoriri
1576 1177 1663 1210 novit
1694 1177 1739 1209 in-

1000 1227 1170 1267 commodi,
1198 1227 1361 1261 interdum
1385 1228 1539 1262 reformat
1556 1228 1589 1261 in
1608 1229 1735 1269 melius,

1000 1280 1082 1312 sicut
1107 1280 1279 1323 aequitatis
1306 1286 1337 1313 et
1360 1281 1502 1313 iustitiae
1526 1281 1642 1314 rationi
1663 1291 1739 1314 con-

1000 1338 1189 1365 sentaneum
1214 1343 1286 1366 esse
1311 1332 1342 1365 in
1367 1332 1504 1366 Domino
1530 1333 1714 1366 arbitratur.

1045 1386 1059 1428 ξ
1084 1385 1116 1418 l.
1143 1385 1229 1418 Alias
1253 1385 1416 1428 siquidem
1441 1396 1512 1426 nos,
1530 1386 1738 1429 supplicatio-

1002 1439 1096 1471 nibus
1122 1445 1198 1472 tunc
1216 1439 1383 1472 existentis
1401 1439 1624 1482 procuratoris
1640 1450 1740 1482 gene-

1002 1488 1079 1521 ralis
1112 1487 1242 1521 Ordinis
1278 1488 1412 1520 fratrum
1447 1488 1603 1521 Minorum
1634 1488 1739 1521 sancti

1002 1540 1166 1574 Francisci
1191 1541 1230 1575 de
1254 1539 1462 1575 observantia
1482 1546 1741 1584 nuncupatorum

1003 1593 1135 1627 nomine
1159 1593 1253 1627 nobis
1278 1603 1379 1637 super
1399 1594 1462 1627 hoc
1482 1593 1649 1627 humiliter
1665 1604 1741 1637 por-

1003 1645 1099 1679 rectis
1116 1646 1272 1686 inclinati,
1288 1651 1324 1679 ut
1341 1646 1372 1678 in
1389 1646 1567 1689 provinicia
1583 1645 1614 1678 S.
1632 1645 1741 1678 lacobi

1005 1699 1037 1731 in
1061 1699 1216 1741 Hispania
1233 1698 1309 1732 dicti
1327 1697 1455 1735 Ordinis
1473 1698 1663 1731 alternativa
1680 1697 1743 1730 cir-

1005 1762 1041 1784 ca
1065 1751 1266 1785 electiones²
1291 1752 1330 1784 ad
1359 1751 1499 1783 ministri
1534 1750 1741 1794 provincialis

1006 1804 1184 1838 custodiam
1203 1809 1235 1837 et
1251 1803 1457 1837 definitorum
1477 1803 1664 1847 provinciae
1681 1804 1742 1836 hu-

1006 1858 1147 1891 iusmodi
1164 1858 1270 1891 officia
1290 1858 1376 1890 inter
1393 1857 1536 1890 eiusdem
1554 1857 1743 1901 provinciae

1007 1913 1122 1945 fratres
1145 1911 1315 1945 Gallaecos
1341 1921 1379 1944 cx
1404 1912 1468 1943 una
1493 1916 1525 1943 et
1549 1911 1662 1944 fratres
1686 1911 1744 1944 Le-

1008 1965 1202 2008 gionenscs,
1237 1964 1441 1997 Asturienscs
1476 1969 1508 1996 et
1542 1963 1742 1997 Castellanos

1007 2018 1163 2051 Castellae
1188 2017 1312 2051 Veteris
1337 2028 1373 2051 ex
1398 2019 1496 2050 altera
1512 2017 1657 2060 partibus
1674 2027 1744 2050 ser-

1008 2071 1074 2103 vari
1099 2071 1245 2111 deberet,
1263 2070 1454 2104 auctoritate
1475 2069 1660 2113 apostolica,
1681 2070 1743 2102 sub

1009 2123 1105 2157 certis
1140 2124 1236 2157 modo
1269 2129 1300 2157 et
1325 2123 1427 2156 forma
1453 2128 1528 2156 tunc
1554 2123 1717 2166 expressis
1733 2148 1741 2163 ,

1009 2176 1177 2209 statuimus
1196 2181 1227 2209 ct
1245 2175 1475 2215 ordinavimus,
1492 2179 1588 2218 prout
1613 2174 1744 2218 plenius

1010 2229 1194 2262 continetur
1218 2228 1249 2261 in
1274 2229 1391 2262 nostris
1428 2228 1565 2271 desuper
1590 2227 1622 2260 in
1647 2227 1745 2261 simili

1010 2282 1113 2315 forma
1141 2280 1251 2315 Brevis
1277 2281 1436 2324 expeditis
1471 2279 1587 2314 litteris
1619 2280 1744 2313 tenoris

1011 2336 1066 2380 qui
1091 2335 1246 2379 sequitur,
1271 2333 1436 2368 videlicet:

1047 2434 1059 2459 ¹
1081 2431 1204 2459 Similem
1224 2431 1408 2458 alternativam
1435 2430 1529 2458 statuit
1552 2430 1598 2458 hic
1621 2430 1746 2459 Pontifex

1011 2484 1092 2511 supra
1111 2476 1137 2502 in
1158 2480 1243 2502 const.
1265 2481 1318 2502 xvu
1340 2476 1423 2503 Illius
1442 2475 1507 2510 qui;
1527 2475 1554 2501 in
1574 2479 1660 2502 const.
1683 2482 1747 2501 xxxx

1011 2521 1069 2548 Pro
1077 2523 1179 2555 parte‚·
1195 2521 1223 2546 in
1235 2523 1318 2546 const.
1332 2525 1385 2546 tht
1397 2520 1484 2552 Cum;
1495 2521 1522 2546 in
1533 2523 1619 2546 const.
1631 2524 1745 2546 cxxxvii}

1012 2569 1039 2592 et
1057 2571 1116 2591 ext!
1136 2565 1253 2598 Eaeponi
1273 2564 1368 2591 nobis.

1047 2609 1063 2636 2
1083 2609 1153 2636 Edit,
1174 2609 1251 2635 Malu.
1273 2609 1336 2644 legit
1356 2608 1502 2636 electionis
1522 2613 1557 2642 (rt.
1574 2610 1622 2640 12).

1633 218 1692 251 581
1743 227 1793 253 An.
1810 226 1839 254 c.
1863 227 1930 255 ¹686

1773 918 1894 941 Exordium.

1776 1391 1864 1418 Species
1877 1390 1934 1411 tacti.
