2111 3157
116 164 301 193 An.c.1588
348 156 412 190 814

309 214 456 255 ciendis;
484 218 516 247 et
540 218 615 246 tune
633 210 820 245 confessarii
840 207 983 252 deputati
1003 216 1050 261 ac.-

308 270 428 303 eedunt
464 268 502 301 ad
540 268 647 300 locuni
680 265 899 304 constitutum,
925 267 971 303 ut,
991 265 1045 304 qui

309 323 453 367 quotidie
480 319 628 354 confiteri
653 319 776 358 volunt,
802 318 947 361 quotidie
973 328 1047 350 con-

309 377 391 409 fiteri
411 375 537 419 possint
555 373 705 416 (a)‚sicut
722 377 769 404 est
786 371 958 404 laudabilis
976 380 1045 403 mos

308 430 480 462 multarum
498 425 734 469 provinciarum
754 430 786 457 et
803 424 971 456 nationum
993 434 1044 455 no-

308 481 364 513 stri
389 480 529 517 Ordinis,
558 478 644 522 quod
670 477 855 510 sacerdotes
881 487 944 509 non
970 477 1043 518 legi-

307 535 381 566 time
418 532 563 576 impediti
602 530 731 575 saepius
764 529 989 569 confiteantur,
1013 535 1043 561 et

307 586 452 629 quotidie
477 586 655 618 celebrent.

349 649 396 672 111.
423 639 527 672 Flexis
548 639 684 681 genibus
709 647 805 681 super
829 638 947 670 formas
972 647 1043 680 pro-

305 693 493 725 cumbentes
511 698 542 724 et
559 692 678 724 nudato
698 692 802 734 capite
820 690 1042 724 confessiones

305 745 448 786 facimus,
474 745 650 777 iniunctam
676 750 783 777 autem
808 743 1041 787 poenitentiam

305 810 321 831 a
346 798 548 832 confessariis
572 803 734 841 prostrato
768 807 904 840 corpore
932 803 964 829 et
988 797 1043 830 de-

306 858 390 885 tecto
427 853 532 895 capite
564 852 751 891 reddimus,
788 851 844 884 sed
876 860 939 884 non
971 861 1040 884 eam

306 915 388 948 quae
414 905 446 937 in
472 905 614 947 capitulo
640 903 831 946 iniungitur.

349 969 390 991 lv.
420 958 478 990 Per
498 963 601 990 totum
627 957 764 999 spatium
784 967 846 1000 quo
865 956 943 988 fiunt
967 966 1042 989 con-

305 1011 474 1049 sessiones,
489 1011 596 1043 nullus
617 1010 714 1042 delict
731 1010 831 1042 libros
849 1009 879 1041 in
898 1009 1042 1052 capitulo

304 1065 467 1096 revolvere
493 1069 546 1095 aut
570 1063 708 1105 aliquem
734 1062 902 1105 strepitum
929 1063 1038 1095 edere.

348 1128 378 1150 v.
407 1117 534 1149 Priores
559 1122 693 1160 possunt
719 1116 866 1149 subditos
890 1126 964 1149 suos
988 1117 1041 1149 ali-

306 1172 429 1204 solvere
455 1171 494 1203 ab
518 1171 668 1203 omnibus
693 1171 832 1214 peccatis
850 1177 880 1203 et
897 1172 1041 1204 censuris

305 1225 378 1257 Sedi
406 1224 607 1267 Apostolicae
625 1235 690 1256 non
708 1225 888 1257 reservatis.
904 1225 1040 1258 Possunt

306 1278 401 1309 etiam
428 1288 464 1310 ex
490 1278 616 1309 indulto
638 1278 760 1310 domini
788 1278 960 1311 Alexandri
987 1279 1042 1311 Pa-

307 1342 364 1374 pae
380 1331 424 1371 lV,
440 1341 511 1363 cuin
529 1331 664 1363 consilio
683 1332 893 1364 disfretorum
909 1333 1041 1364 fratrum

307 1394 438 1417 suorum
457 1384 674 1417 litteratorum
693 1390 724 1417 et
742 1384 840 1417 Deum
855 1386 1041 1424 timentium,

308 1448 377 1469 cum
399 1437 444 1469 eis
469 1437 658 1480 dispensare
684 1447 783 1481 super
807 1438 1042 1481 irregularitate

309 1493 482 1530 contracta,
510 1491 575 1523 sive
600 1491 786 1533 priusquam
812 1492 964 1525 Ordinem
997 1493 1044 1525 in-

311 1545 471 1584 traverint,
490 1544 555 1577 sive
573 1549 654 1587 post,
674 1545 734 1576 nisi
761 1556 851 1579 casus
869 1553 953 1580 esset
970 1546 1043 1580 Sctli

309 1597 513 1641 Apostolicae
539 1603 720 1631 reservatus
747 1600 805 1643 (b).

352 1660 395 1683 vi.
424 1651 469 1683 Ad
495 1651 637 1693 priorem
664 1653 795 1696 proprie
822 1660 945 1697 spectat
969 1666 1045 1689 con-

310 1704 467 1736 sessiones
503 1704 564 1736 sibi
601 1705 802 1740 subditorum
829 1708 948 1748 audire,
975 1710 1043 1749 sed,

311 1757 384 1800 quia
410 1756 441 1789 id
467 1758 553 1790 solus
578 1759 744 1792 commode
770 1771 834 1793 non
860 1767 975 1804 potest,
1001 1768 1047 1796 te-

310 1815 427 1842 neatur
445 1810 612 1844 nominare
637 1817 669 1844 et
693 1812 847 1856 deputare
866 1815 990 1858 aliquos
1009 1827 1045 1849 ex

312 1863 555 1897 discretioribus
580 1865 761 1906 monachis,
788 1867 841 1909 qui
864 1873 1047 1902 ceterorum

312 1914 532 1950 confessiones
567 1919 677 1952 audire
708 1920 845 1963 possint,
871 1932 970 1955 unum
994 1924 1048 1956 sci-

311 1968 388 2003 licet
413 1969 444 2002 in
471 1971 616 2014 qualibet
641 1972 751 2013 domo,
778 1973 809 2006 in
836 1985 896 2018 qua
922 1987 1050 2009 moran-

349 2076 379 2107 α)
394 2075 443 2103 Sed
460 2078 607 2105 cavendum
623 2082 663 2106 est
678 2088 711 2106 ne
727 2087 756 2107 ex
773 2081 990 2116 frequentissimo
1002 2092 1049 2110 usu

315 2121 490 2149 confessionis
505 2123 634 2158 quaedam
656 2125 726 2151 sicca
749 2126 892 2153 confitendi
907 2133 1051 2155 consuetu-

316 2164 349 2191 do
373 2165 492 2199 oriatur,
518 2175 596 2203 quani
622 2176 674 2195 non
700 2178 760 2197 raro
783 2172 906 2206 sequitur
932 2172 1052 2200 desectus

317 2210 482 2237 contritionis
499 2215 525 2238 et
540 2212 746 2247 emendationis,
764 2215 833 2242 unde
853 2216 879 2242 in
896 2217 947 2243 hoc
963 2217 1050 2244 consi-
1071 2225 1074 2258 j

317 2253 382 2280 lium
404 2255 542 2288 prudentis
569 2257 727 2285 confessarii
751 2260 944 2295 requirendum
969 2266 1054 2289 estet

318 2299 498 2333 sequendum.

354 2343 381 2375 b)
399 2343 497 2371 Omnes
516 2345 571 2372 sere
590 2346 802 2382 irregularitates
823 2358 853 2376 ex
870 2350 974 2378 defectu
993 2355 1055 2378 sunt

319 2392 472 2415 reservat-ie
486 2389 593 2417 Summo
606 2390 744 2425 Pontifici3
763 2394 865 2421 tollitur
880 2400 971 2423 autem
987 2396 1054 2423 irre-

320 2431 447 2465 gularitas
462 2441 492 2459 ex
510 2433 615 2461 defectu
641 2437 768 2463 natalium
793 2446 847 2472 per
862 2440 1054 2473 professionem

320 2475 472 2510 religiosam
487 2499 492 2509 ‚
519 2479 563 2503 sed
592 2483 692 2506 tantum
716 2482 804 2517 quoad
829 2483 937 2510 ordines
968 2485 1055 2512 susci-

321 2519 446 2555 pi··ndos·,
464 2523 624 2549 consulenda
641 2533 703 2560 ergo
719 2531 779 2552 sunt
794 2535 876 2562 super
891 2528 940 2555 hac
955 2537 984 2556 re
1001 2530 1056 2565 pri-

322 2563 419 2600 vilegia
435 2565 526 2592 Ordini
541 2575 677 2602 concessa,
694 2569 726 2595 de
742 2570 838 2605 quihus
858 2571 937 2599 infra.

890 157 1070 183 Bruanium
1095 156 1178 180 nott-t
1184 157 1248 181 NUM

1093 210 1144 238 tur
1167 216 1221 239 sex
1247 209 1370 237 tantum
1396 201 1558 242 monachi,
1577 201 1658 235 duos
1674 210 1751 235 vero
1770 200 1826 236 ubi

1091 258 1241 291 monachi
1268 262 1344 291 sunt
1367 258 1452 290 ultra
1476 266 1543 289 sex.
1580 254 1632 288 Sic
1656 260 1761 288 autem
1785 255 1826 289 ab

1090 323 1128 345 eo
1153 313 1297 356 deputati
1323 312 1493 345 absolvere
1510 314 1645 354 possunt
1666 310 1705 342 ab
1725 309 1824 343 omni-

1088 365 1147 398 bus
1168 366 1264 399 etiam
1289 365 1482 398 mortalibus
1506 363 1661 407 peccatiS,
1680 363 1824 407 exceptis

1087 418 1125 451 iis
1152 430 1232 462 quae
1263 419 1451 462 specialiter
1483 422 1513 450 et
1544 427 1693 460 expresse
1724 427 1815 451 reser

1086 478 1157 505 vata
1177 478 1252 505 sunt
1275 472 1334 516 ipsi
1353 472 1467 516 priori,
1486 482 1503 505 a
1520 482 1583 516 quo
1601 477 1707 505 tamen
1726 472 1823 521 etia-m

1832 151 2017 187 An.c.ics‚

1086 532 1322 559 reservatorum
1341 526 1526 559 huiusmodi
1552 526 1713 559 absolutio
1737 537 1838 570 com-¹

1086 580 1238 619 mittatur,
1253 580 1382 622 quando
1397 590 1488 612 casus
1507 579 1693 620 occurrerit,
1708 579 1741 612 in
1759 590 1823 624 quo

1086 643 1157 665 eam
1194 632 1314 666 debere
1351 633 1507 666 committi
1544 632 1606 676 ipsi
1640 632 1672 666 in
1708 633 1822 677 primis

1085 686 1270 719 confessarii
1297 686 1519 720 iudicaverint.
1538 685 1628 725 Quod
1654 686 1678 719 si
1697 687 1825 720 confes-

1085 740 1178 773 sariis
1204 740 1356 783 praefatis
1380 749 1471 773 casus
1501 739 1637 773 alicuius
1669 739 1824 782 reservati

1086 793 1266 827 facultatem
1288 794 1476 837 petentibus
1494 794 1586 837 prior
1610 794 1687 827 dare
1713 795 1841 827 1101110-Δ

1087 846 1138 885 rit,
1163 847 1289 890 possint
1313 847 1526 880 nihilominus
1551 847 1741 881 confessarii
1766 847 1823 881 itta

1086 900 1152 932 vice
1184 900 1398 943 poenitentes,
1421 901 1518 933 etiam
1552 911 1616 934 non
1643 901 1775 934 obtenta
1805 910 1824 934 a

1086 953 1195 996 priore
1222 954 1386 994 facultate,
1413 954 1591 994 absolvere,
1609 954 1696 987 iuxta
1714 955 1825 988 decre·

1086 1011 1152 1038 tum
1179 1006 1280 1038 felicis
1306 1005 1741 1041 recordationis’Clementis
1767 1008 1825 1041 Pa-

1085 1070 1143 1101 pae
1173 1059 1236 1092 vill
1271 1070 1370 1103 super
1405 1071 1534 1093 casuum
1571 1061 1824 1095 reservationem

1085 1113 1125 1145 ab
1151 1112 1299 1145 omnibus
1317 1114 1512 1156 regularium
1531 1114 1752 1158 superioribus
1769 1115 1825 1150 ob-

1086 1166 1279 1198 servandum
1305 1166 1343 1199 de
1361 1177 1445 1199 anno
1463 1177 1586 1201 MDxClH
1607 1175 1803 1202 emanatum.
1849 1204 1853 1207 .

1128 1230 1184 1252 vu.
1204 1219 1337 1252 Peccata
1357 1230 1432 1253 vero
1451 1222 1601 1254 mortalia
1625 1222 1727 1266 priori
1751 1233 1825 1267 spe-

1085 1273 1211 1305 cialiter
1233 1279 1394 1306 reservata
1415 1279 1489 1306 sunt
1511 1275 1670 1318 haec(a)·.
1691 1275 1824 1313 110111101-

1085 1327 1173 1359 dium
1191 1331 1242 1358 aut
1259 1327 1449 1365 vulneratio!
1465 1333 1520 1360 aut
1533 1329 1637 1371 gravis
1655 1330 1821 1372 percussio
1852 1363 1855 1366 .

1086 1380 1315 1423 cuiuscumque
1330 1390 1498 1422 personae,
1513 1382 1717 1424 veneficium,
1731 1384 1825 1417 saeri-

1086 1433 1214 1475 legium,
1247 1434 1404 1466 revelatio
1435 1435 1662 1478 confessionis,
1689 1437 1822 1480 furtum,

1087 1497 1142 1518 seu
1176 1487 1301 1529 rapina,
1335 1498 1455 1528 usura,
1483 1490 1666 1533 proprietas
1685 1518 1692 1530 ,
1718 1492 1824 1525 01111115

1088 1540 1321 1573 incontinentia
1338 1542 1483 1582 «1011111115,
1507 1543 1573 1576 sive
1591 1545 1700 1588 lapsus
1717 1545 1822 1579 carnis
1855 1574 1858 1578 .

1088 1594 1288 1627 voluntarius
1314 1605 1415 1637 opere
1447 1604 1701 1639 consummatus,
1729 1599 1825 1632 simo-

1090 1647 1150 1687 nia,
1183 1648 1387 1691 blasphemia
1423 1649 1455 1681 in
1491 1650 1589 1683 Deum
1625 1657 1657 1684 et
1691 1652 1824 1687 Sanctos

1089 1701 1156 1733 eius
1172 1728 1180 1741 ‚
1206 1701 1383 1744 periurium
1400 1729 1407 1743 ,
1435 1703 1547 1737 salsum
1574 1706 1794 1740 testimonium
1814 1734 1822 1749 ,

1089 1755 1303 1797 sortilegium,
1329 1756 1525 1798 incendium,
1552 1761 1715 1803 apostasia
1739 1773 1757 1795 a
1776 1772 1827 1795 re-

1091 1809 1220 1851 ligione,
1235 1809 1299 1843 sive
1319 1810 1429 1843 habitu
1449 1812 1579 1847 dimisso
1596 1815 1663 1848 sive
1683 1822 1823 1857 retento,

1092 1863 1222 1905 quando
1256 1873 1293 1895 eo
1326 1867 1512 1906 pervenerit
1541 1873 1576 1900 ut
1611 1875 1699 1903 extra
1734 1876 1825 1914 septa

1092 1917 1277 1949 monasterii
1310 1917 1360 1950 fiat
1399 1921 1569 1962 egressio,
1597 1923 1727 1958 iniectio
1759 1934 1812 1957 ma

1092 1979 1190 2001 nuum
1216 1969 1366 2011 violenta,
1393 1973 1572 2008 falsificatio
1597 1976 1776 2010 litterarum
1796 1981 1828 2010 et

1094 2023 1291 2066 sigillorum,
1318 2026 1454 2060 rebellio
1479 2038 1535 2061 seu
1553 2029 1775 2063 inobedientia
1794 2030 1828 2064 in

1094 2088 1184 2110 suum
1218 2079 1433 2122 superiorem,
1462 2083 1632 2117 manifesta
1662 2084 1828 2119 infamatio

1129 2168 1155 2202 a)
1178 2168 1255 2196 Extat
1273 2169 1412 2198 decretum
1428 2171 1528 2199 domini
1544 2172 1688 2202 Clementis
1702 2174 1754 2203 ΡΡ.
1770 2175 1829 2204 vill

1094 2221 1147 2246 (1110
1168 2216 1290 2252 capitulis
1308 2217 1480 2251 generalibus
1500 2218 1579 2245 datur
1604 2223 1722 2254 potestas
1741 2228 1830 2247 reser-

1095 2261 1175 2288 vandi
1197 2264 1305 2296 peccata
1325 2262 1426 2296 grai-ia,
1447 2271 1515 2298 quae
1539 2271 1588 2299 pro
1607 2263 1745 2300 religionis
1763 2272 1830 2293 con-

1095 2307 1245 2333 servatione
1265 2310 1309 2333 aut
1334 2307 1514 2335 conscientiae
1533 2309 1652 2343 puritate
1671 2310 1832 2338 reservanda

1097 2351 1267 2384 ridebuntur,
1288 2352 1359 2388 quod
1379 2353 1522 2388 legendum
1536 2358 1585 2387 est,
1597 2357 1624 2382 et
1643 2355 1701 2382 eius
1715 2363 1790 2383 mens
1804 2355 1832 2383 in

1096 2398 1221 2425 omnibus
1249 2399 1389 2425 servanda.
1426 2398 1518 2426 Donati
1545 2405 1636 2428 autem
1662 2400 1726 2428 huic
1751 2401 1832 2429 etiam

1099 2442 1272 2469 reservationi
1292 2447 1353 2469 sunt
1373 2444 1499 2478 subiecti,
1526 2445 1574 2472 sed
1595 2445 1621 2471 in
1640 2445 1751 2473 materia
1771 2454 1832 2481 pro-

1099 2486 1219 2520 prietatis
1238 2490 1265 2513 et
1284 2487 1347 2514 surti
1367 2488 1512 2523 requiritur
1527 2498 1574 2525 pro
1589 2489 1627 2517 eis
1642 2489 1734 2517 eadem
1748 2497 1833 2525 quan·

1100 2530 1170 2562 titas,
1192 2539 1260 2565 quae
1280 2540 1328 2567 pro
1348 2533 1532 2562 saecularibus
1552 2539 1675 2563 censetur
1698 2534 1835 2563 sufficiens

1097 2573 1133 2602 ad
1152 2574 1275 2603 mortale.
