2111 3157
160 239 208 264 An.
227 237 256 264 c.
280 238 347 265 1088
393 228 457 263 908

349 287 511 328 affuerint,
523 288 573 321 vel
592 287 618 320 si
634 286 906 331 praedecessores
923 296 988 319 non
1004 286 1089 318 vixe-

348 342 421 382 rint,
439 347 494 375 aut
510 341 645 374 nimium
663 340 781 373 remoti
800 340 929 381 suerint,
946 340 977 372 in
996 350 1090 382 prae-

348 395 454 427 sentia
495 400 634 438 quatuor
668 393 912 437 praedictorum
945 393 1088 436 perfecte

350 447 502 489 redigant
534 447 567 479 in
599 446 728 489 scriptis
750 451 869 479 statum
903 446 1026 487 domus,
1058 451 1089 479 et

347 501 406 532 sub
425 500 533 543 sigillo
553 500 658 532 dictae
676 500 793 533 domus
822 505 853 533 et
877 499 1089 544 subscriptio-

347 553 443 586 nibus
461 553 593 585 illorum
611 553 758 596 proxime
780 553 928 597 sequenti
946 553 1087 596 capitulo

346 606 491 649 generali
510 606 646 640 afferant
661 608 710 640 vel
730 607 950 640 transmittant
966 606 1086 640 dictum

346 664 464 692 statum
481 670 488 692 t
508 662 635 692 retenta
651 664 756 693 tamen
779 659 872 703 copia
889 660 1037 693 eiusdem
1054 659 1087 693 in

347 712 444 746 domo
463 715 520 746 sua
545 713 718 746 antedicta.
875 718 878 722 '

389 775 420 798 ν.
450 765 569 799 Omnes
597 766 772 810 priorissae
799 766 990 800 mdnialium
1010 766 1088 800 obe-

346 819 501 852 dientiam
538 820 729 863 promittant
765 820 908 864 capitulo
941 821 1086 863 generali

344 882 405 915 pro
423 882 458 904 se
477 877 509 905 et
528 872 678 905 domibus
697 873 773 913 suis,
792 873 882 906 cuius
899 873 1088 916 promissio-

344 924 395 957 nis
412 930 534 957 cartam
559 925 697 969 singulis
721 926 814 958 annis
840 926 880 958 ad
909 926 1083 969 capitulum

343 978 474 1011 mittere
504 980 593 1012 nulla
622 979 793 1012 occasione
810 979 971 1019 omittant⁷
991 985 1021 1012 et
1038 981 1084 1013 ni-

344 1030 523 1063 hilominus
557 1032 725 1074 quaelibet
757 1032 913 1075 priorissa
938 1037 1086 1065 teneatur

343 1094 404 1127 per
420 1094 453 1117 se
470 1084 664 1127 promittere
691 1084 914 1118 obedientiam
940 1085 1059 1119 vicario
1076 1097 1082 1118 z

343 1136 501 1169 moniales
529 1147 605 1170 vero
634 1142 665 1170 et
693 1148 877 1176 conversae,
908 1137 1085 1181 priorissae

344 1194 465 1222 tantum
485 1189 705 1223 obedientiam
729 1190 933 1234 promittant,
954 1191 1029 1224 licet
1052 1191 1083 1223 in

343 1242 531 1285 praesentia
540 1243 648 1276 vicarii
659 1253 731 1276 cum
743 1244 965 1277 nominatione
974 1243 1082 1287 ipsius,

344 1299 373 1329 et
391 1295 567 1338 priorissae
586 1296 822 1339 professionem
840 1297 968 1338 faciant,
986 1300 1017 1330 et
1041 1297 1084 1330 ei-

344 1348 462 1381 demin
479 1348 628 1381 omnibus
642 1349 739 1381 licitis
753 1350 887 1383 obedire
903 1355 1083 1384 teneantur,

388 1410 427 1433 vi.
453 1401 548 1434 Nulla
571 1401 734 1444 priorissa,
760 1407 930 1445 praesente
956 1403 1083 1443 vicario,

343 1453 531 1487 Benedz'cz'te
555 1454 663 1487 dicere
688 1460 885 1498 praesumat,
914 1466 970 1488 nec
993 1466 1084 1498 prae-

344 1514 435 1540 sente
460 1508 623 1540 monacho
648 1508 826 1540 lectionem
856 1509 1081 1541 duodecimam

344 1561 473 1602 legere·,
500 1560 539 1592 de
572 1560 680 1592 divino
714 1571 843 1604 quoque
868 1561 972 1594 officio
998 1562 1084 1594 ordi-

344 1613 465 1653 nando,
494 1618 547 1645 aut
571 1614 772 1646 correctione
809 1614 977 1647 hominum
1005 1626 1084 1658 quo-

345 1676 567 1709 rumcumque,
595 1677 627 1699 se
653 1668 840 1700 nullatenus
877 1667 1081 1701 intromittat.

389 1729 444 1752 v11.
484 1719 642 1752 Priorissa
672 1721 796 1752 nullam
828 1721 1002 1754 monialem
1035 1723 1083 1754 vel

346 1773 440 1806 aliam
465 1783 637 1816 personam
662 1773 732 1806 sine
758 1773 889 1806 licentia
912 1775 1084 1807 reverendi

346 1826 445 1869 patris
481 1831 513 1858 et
546 1826 655 1859 vicarii
698 1832 794 1870 atque
831 1833 1011 1861 conventus
1037 1829 1084 1861 sui

346 1880 396 1911 vel
421 1879 548 1912 maioris
573 1880 673 1923 partis
691 1891 849 1913 consensu
875 1881 914 1914 ad
940 1881 1086 1915 habitum

348 1931 476 1964 Ordinis
502 1932 653 1975 recipiat,
669 1943 729 1966 nec
746 1938 819 1966 ante
835 1934 1087 1978 decimumquin-

349 1988 415 2016 tum
442 1984 555 2017 aetatis
592 1995 712 2018 annum
749 1987 960 2029 completum.
999 1986 1087 2025 Quod

350 2036 376 2069 si
402 2037 596 2070 contrarium
624 2038 728 2071 facere
754 2040 1009 2083 praesumpserit
1043 2046 1089 2073 ta-

350 2090 389 2124 lis
415 2090 559 2134 receptio
584 2091 745 2125 efficaciae
771 2092 811 2125 sit
826 2093 957 2135 nullius,
979 2099 1009 2127 et
1028 2104 1091 2127 mo-

352 2143 455 2176 niales
482 2143 513 2175 in
549 2144 735 2187 praemissis
762 2146 810 2178 vel
836 2145 945 2189 aliquo
979 2157 1089 2180 eorum

354 2197 594 2230 consentientes
620 2199 807 2240 generalem
838 2200 964 2232 ordinis
996 2200 1091 2233 disci-

353 2250 476 2293 plinam
502 2250 694 2291 sustineant,
721 2262 887 2295 quousque
921 2263 980 2296 per
1004 2252 1091 2296 capi-

356 2303 457 2334 tulum
483 2303 636 2345 generale
661 2304 709 2336 vel
727 2305 942 2338 reverendum
965 2311 1090 2349 patrem

355 2356 552 2389 relaxentur.

401 2418 470 2441 v111.
507 2408 664 2442 Priorissa
690 2416 721 2443 et
750 2410 887 2445 vicarius
912 2412 1095 2445 custodiant

358 2460 419 2494 sub
454 2461 576 2494 duabus
614 2463 757 2496 clavibus
798 2470 829 2496 ct
867 2465 1095 2498 administrent

360 2514 513 2556 pecunias
539 2515 660 2555 domus,
677 2521 708 2548 et
731 2516 867 2559 singulis
896 2519 986 2550 annis
1013 2518 1095 2550 vica-

362 2565 427 2597 rius
452 2572 483 2598 et
506 2573 698 2609 procurator
733 2570 871 2602 reddant
906 2576 1093 2613 computum

363 2618 402 2651 de
428 2620 565 2662 receptis
591 2624 622 2652 et
653 2622 803 2666 expensis
840 2622 872 2655 in
908 2623 1096 2666 praesentia

942 236 1122 261 nummum
1147 236 1300 261 mummi

1132 285 1307 328 priorissae
1332 290 1365 319 et
1384 285 1517 319 duarum
1539 291 1592 318 aut
1610 286 1703 319 trium
1726 288 1869 332 antiqua-

1132 348 1201 370 rum
1227 338 1425 379 monialium,
1462 349 1522 372 nec
1554 344 1661 373 tamen
1692 346 1868 384 propterea

1131 391 1268 425 vicarius
1309 397 1364 425 aut
1395 398 1589 436 procurator
1621 393 1723 427 intret
1754 405 1866 429 eorum

1130 445 1326 484 clausuram,
1353 455 1412 478 nec
1437 446 1511 479 illae
1541 447 1774 488 egrediantur;
1801 449 1867 482 cel-

1130 497 1247 531 leraria
1272 497 1398 531 autem¹
1423 499 1572 532 observet
1604 510 1681 543 erga
1711 501 1865 536 vicarium

1130 556 1162 582 ct
1196 551 1385 593 priorissam
1419 557 1483 584 tam
1517 552 1549 584 in
1586 554 1684 586 rebus
1721 556 1866 588 emendis

1130 613 1226 646 quam
1262 604 1440 637 vendendis
1480 609 1512 637 et
1547 606 1662 639 ceteris
1697 607 1864 650 omnibus;

1130 657 1307 700 eademque
1333 658 1401 701 ipse
1427 665 1621 701 procurator
1650 671 1709 704 per
1732 666 1867 695 statuto-

1130 720 1199 742 rum
1237 711 1472 755 praescriptum
1504 722 1631 746 servare
1658 713 1754 747 debet
1789 725 1866 758 erga

1129 764 1342 806 superiorem.

1173 827 1217 850 lx.
1244 817 1336 851 Nulla
1361 819 1525 862 priorissa,
1551 820 1646 854 etiam
1665 821 1703 854 de
1721 821 1768 854 sui
1790 832 1867 855 con-

1128 875 1241 903 ventus
1265 872 1437 912 voluntate,
1469 883 1501 905 se
1533 875 1583 907 rel
1616 874 1744 907 domum
1776 885 1863 909 suam

1129 924 1232 956 valeat
1254 924 1417 966 obligare,
1440 930 1493 957 aut
1513 926 1636 960 litteras
1655 927 1864 970 obligatorias

1128 975 1295 1018 sigillare,
1321 977 1440 1010 vicario
1477 979 1678 1012 inconsulto:
1718 980 1863 1024 alioquin

1128 1029 1282 1070 priorissa
1307 1030 1504 1063 contrarium
1538 1032 1658 1064 faciens
1685 1038 1716 1065 et
1741 1033 1865 1066 monia-

1128 1082 1173 1113 les
1200 1082 1238 1114 ad
1271 1082 1333 1115 hoc
1365 1083 1608 1117 consentientes
1642 1085 1784 1127 graviter
1808 1096 1866 1129 pu-

1127 1133 1258 1166 niantur
1281 1145 1341 1177 per
1366 1135 1543 1178 capitulum
1570 1139 1723 1179 generale
1742 1139 1791 1172 vel
1817 1149 1865 1172 re-

1126 1187 1302 1219 verendum
1323 1193 1464 1230 patrem.

1171 1251 1197 1271 x.
1224 1240 1399 1274 Priorissae
1418 1252 1483 1274 non
1505 1242 1648 1275 habeant
1672 1243 1705 1276 in
1729 1244 1864 1278 resecto-

1128 1292 1175 1324 rio
1201 1293 1365 1336 duplicem
1390 1294 1583 1337 portionem,
1603 1296 1659 1328 sed
1684 1295 1862 1340 simplicem

1127 1346 1210 1378 sicut
1244 1347 1421 1380 moniales:
1459 1359 1519 1381 nec
1556 1349 1697 1382 habeant
1721 1360 1864 1383 cameras

1127 1399 1187 1431 sibi
1214 1400 1439 1443 appropriatas
1473 1402 1511 1434 ad
1544 1401 1723 1443 iacendum,
1756 1412 1864 1436 come-

1126 1452 1268 1485 dendum
1288 1454 1337 1485 vel
1355 1453 1544 1486 bibendum.

1170 1515 1211 1537 xi.
1235 1505 1373 1537 Possunt
1389 1506 1574 1548 priorissae,
1593 1517 1663 1540 eum
1680 1508 1800 1548 volunt,
1822 1513 1862 1549 et,

1127 1557 1253 1600 quoties
1268 1558 1409 1601 expedit,
1428 1559 1558 1599 debent,
1576 1560 1607 1592 in
1629 1560 1694 1594 suis
1715 1561 1864 1604 capitulis

1127 1612 1195 1653 pias
1222 1612 1328 1645 facere
1361 1613 1603 1646 exhortationes
1629 1615 1798 1648 sororibus
1824 1615 1864 1648 ad

1126 1670 1254 1697 sanctae
1292 1670 1323 1697 et
1354 1665 1528 1708 religiosae
1563 1666 1646 1699 vitae
1681 1668 1864 1709 regularem

1127 1718 1376 1758 observantiam,
1396 1730 1467 1752 cum
1486 1719 1623 1752 consilio
1637 1724 1669 1752 et
1687 1719 1865 1753 directione

1127 1771 1228 1815 patris
1247 1771 1369 1804 vicarii.

1172 1835 1230 1859 ΧΠ.
1258 1824 1435 1858 priorissae
1462 1824 1649 1858 monialium
1675 1837 1692 1858 a
1716 1826 1865 1869 personis

1128 1877 1255 1911 Ordinis
1280 1882 1401 1910 matres
1426 1879 1475 1911 vel
1501 1878 1653 1919 domnae,
1676 1889 1741 1911 non
1767 1878 1866 1912 domi·

1129 1941 1190 1963 nac
1211 1935 1375 1970 vocentur,
1395 1931 1434 1973 (⁶)
1452 1931 1609 1963 moniales
1629 1940 1703 1964 vero
1722 1941 1863 1964 sorores.

1174 1993 1243 2017 xm.
1281 1983 1316 2016 In
1352 1984 1501 2016 domibus
1541 1983 1729 2017 monialium
1765 1983 1866 2018 nostri

1130 2037 1258 2070 Ordinis
1285 2038 1374 2070 nulla
1409 2037 1441 2069 in
1475 2036 1651 2071 monialem
1688 2037 1867 2081 recipiatur

1131 2092 1214 2124 ultra
1246 2099 1340 2133 quam
1371 2095 1546 2133 suppetant
1578 2091 1748 2124 facultates
1782 2091 1868 2124 illius

1133 2144 1244 2176 domus
1275 2143 1307 2175 in
1339 2153 1403 2186 qua
1436 2143 1592 2186 recipitur
1623 2154 1682 2187 pro
1718 2143 1805 2177 illius
1836 2147 1869 2176 et

1133 2202 1314 2229 ceterarum
1340 2196 1573 2231 sustentatione
1611 2197 1680 2229 sine
1716 2197 1866 2239 penuria.

1132 2250 1234 2283 Porro
1259 2249 1438 2282 visitatores
1463 2260 1574 2282 earum
1598 2259 1635 2282 ex
1659 2254 1750 2292 parte
1783 2249 1870 2293 capi÷

1134 2303 1192 2336 tuli
1231 2303 1354 2336 liabent
1387 2303 1610 2336 auctoritatem
1648 2308 1679 2336 et
1701 2303 1868 2344 iubentur,

1172 2411 1182 2435 1
1206 2409 1305 2436 Forsan
1325 2408 1401 2436 deest
1419 2408 1451 2436 id
1471 2408 1512 2435 vel
1532 2408 1609 2436 idem
1628 2410 1665 2443 (n.
1686 2408 1732 2444 τ.).

1169 2455 1191 2488 ’)
1212 2455 1363 2482 Ordinatio
1382 2455 1456 2481 anni
1475 2460 1623 2481 mocxtvut.
1646 2464 1658 2479 «
1679 2453 1829 2482 Prior-issae
1843 2457 1871 2482 et

1135 2499 1332 2534 subpriorissae
1351 2499 1377 2525 in
1398 2499 1523 2525 domibus
1543 2498 1697 2525 monialium
1717 2503 1871 2526 nostrarum

1135 2551 1151 2570 a
1162 2543 1283 2578 personis
1299 2543 1407 2569 Ordinis
1421 2543 1495 2570 iuxta
1513 2546 1652 2576 statutum,
1669 2551 1722 2570 non
1740 2548 1871 2572 vocentur

1135 2587 1269 2621 dominae,
1290 2586 1337 2614 sed
1353 2591 1467 2621 matres;
1483 2591 1589 2614 ceterae
1610 2595 1671 2614 vero
1690 2595 1785 2615 omnes
1799 2596 1873 2615 soro-

1135 2640 1195 2667 res3
1217 2631 1299 2667 idque
1314 2631 1481 2659 strictissime
1496 2631 1522 2658 in
1542 2634 1682 2667 posterum
1701 2635 1825 2660 servetur
1843 2641 1870 2661 ιι.

1873 239 1926 267 An.
1942 239 1972 268 C.
1992 241 2059 270 1088
