2111 3157
139 241 240 270 Amo.
261 240 329 268 icae
374 232 438 266 646
471 236 487 242 ”
525 220 527 224 ’

165 1422 176 1448 ξ
191 1421 210 1441 3.
228 1420 256 1441 Do
268 1425 322 1440 cnm-

152 1456 194 1468 iunt
210 1448 279 1468 :tutilo
290 1446 323 1467 lit-

139 1479 238 1496 terarum.

332 290 400 323 sieri
425 290 538 334 possit,
556 288 758 321 recumbent.
779 286 869 325 Quod
886 287 988 318 multo
1006 295 1068 317 ma-

332 344 380 387 gis
405 343 642 376 observandum
668 341 739 380 erit,
764 340 788 373 si
814 340 846 372 in
871 340 987 378 eodem
1005 349 1067 371 mo-

332 397 473 431 nasterio
505 401 568 430 tam
600 394 713 427 novitii
739 402 836 436 quam
862 392 938 425 dicti
963 392 1068 424 iunio-

331 461 382 483 res
407 449 542 493 professi
568 447 682 481 studiis
699 457 833 490 operam
858 446 973 479 dantes
991 455 1068 478 con-

332 504 544 535 stituerentur
558 512 566 541 ;
582 511 647 544 quo
665 501 698 533 in
712 510 796 538 casu,
812 503 947 541 excepto
965 498 1067 530 choro

332 561 364 588 et
388 555 553 589 communi
571 554 755 591 relectoriQ
773 553 882 586 debita
907 551 1068 594 separatio

331 609 385 642 siet
400 609 486 642 inter
500 608 638 641 novitios
665 612 697 639 et
728 607 821 639 alios.
841 606 886 638 Ad
906 609 1069 637 monaste-

332 661 414 694 rium
425 672 484 705 pro
496 661 589 694 dictis
608 660 722 693 studiis
736 660 924 702 deputatum
935 657 1067 690 abbates

332 725 446 748 omnes
467 715 581 747 fratres
595 714 709 746 iisdem
724 712 838 746 studiis
856 710 1067 755 applicandos

332 768 460 800 mittere
486 768 700 806 tenebuntur·,
727 774 865 809 quorum
891 764 995 803 etiam,
1020 768 1069 795 ut-

333 827 406 864 pote
432 821 604 861 iuniorum,
630 819 703 863 piae
729 824 759 852 et
782 818 954 861 religiosae
979 817 1070 849 insti-

333 874 447 907 tutioni
473 875 609 916 insuper
632 872 840 915 praeficietur
870 880 953 903 unus
977 875 1070 913 pater

332 928 528 970 religiosus,
556 926 603 958 vir
628 926 742 969 gravis,
767 930 923 964 maturus,
951 928 983 955 et
1006 922 1070 965 pie-

333 982 406 1013 tatis
441 979 602 1014 exercitiis
634 989 712 1022 prae
745 978 815 1011 aliis
839 977 990 1015 deditus,
1016 975 1069 1018 qui

332 1035 407 1067 illos
443 1034 481 1067 ad
515 1038 659 1066 exactam
689 1036 821 1064 sanctae
853 1030 985 1073 regulae
1018 1029 1071 1061 ob-

333 1087 524 1120 servantiam
555 1087 654 1119 verbo
687 1090 719 1118 et
743 1085 892 1127 exemplo
918 1083 1069 1116 inducat:

333 1152 369 1174 ex
388 1151 449 1183 qua
466 1140 578 1172 eadem
599 1139 726 1171 ratione
752 1137 784 1170 in
803 1137 887 1169 dicto
906 1140 1071 1169 monaste-

331 1195 391 1233 rio,
413 1199 561 1237 respectu
586 1193 724 1226 aliorum
750 1200 880 1234 quoque
906 1189 1071 1232 religioso-

332 1258 412 1287 rum,
439 1247 618 1290 disciplina,
644 1246 683 1280 ad
709 1245 866 1278 maiorem
892 1244 958 1276 sive
982 1242 1072 1276 novi-

333 1301 452 1335 tiorum
467 1301 533 1333 sive
555 1299 716 1332 iuniorum
737 1298 961 1341 professorum
985 1296 1072 1329 aedi-

333 1354 526 1392 ficationem,
550 1351 752 1385 exactissime
775 1350 1011 1383 observabitur.

379 1407 417 1440 Ut
440 1417 516 1439 vero
544 1406 656 1438 fratres
681 1405 782 1438 nostri
815 1414 831 1436 e
864 1403 1004 1436 lectione
1030 1403 1073 1434 di-

335 1460 407 1494 vina
431 1460 587 1493 maiorem
605 1458 862 1492 consolationem
888 1467 924 1488 ac
947 1455 1073 1489 uberio-

334 1524 400 1548 rem
426 1514 563 1546 fructum
589 1512 736 1555 accipere
767 1516 798 1543 et
827 1510 966 1544 alacrius
989 1510 1071 1541 vitae

334 1567 498 1601 solitariae
516 1566 645 1599 labores
665 1570 697 1598 et
714 1563 867 1597 exercitia
891 1563 1000 1596 subire
1025 1574 1072 1595 va-

332 1621 433 1661 leant,
459 1621 629 1653 hortamur
654 1618 850 1661 superiores,
866 1617 905 1649 ad
932 1626 1014 1659 quos
1040 1616 1069 1649 id

334 1680 467 1718 spectat,
489 1678 524 1705 ut
556 1673 588 1704 in
625 1671 740 1704 studiis
775 1670 1009 1713 philosophiae
1041 1675 1072 1702 et

334 1727 527 1769 theologiae,
555 1725 693 1767 aliisque
719 1723 909 1765 disciplinis,
925 1733 1007 1766 quae
1033 1723 1070 1756 at]

333 1790 497 1813 sacrarum
524 1779 704 1812 litterarum
730 1770 981 1819 intelligentiam
1006 1786 1072 1809 ma-

333 1833 418 1866 xime
444 1833 639 1871 conducunt,
665 1840 742 1864 snos
760 1830 940 1863 monachos
958 1830 1071 1862 sedulo

334 1891 516 1925 exerceant,
554 1885 665 1927 eisque
702 1884 790 1917 nulla
825 1883 857 1915 in
893 1893 928 1915 re
954 1882 1070 1922 desint,

334 1950 416 1982 quae
454 1939 486 1971 in
522 1937 711 1971 huiusmodi
751 1937 875 1975 studiis,
901 1936 1070 1976 maiorum,

334 2002 462 2026 necnon
488 1992 688 2024 confratrum
706 1996 903 2030 nostrorum,
924 1999 1073 2033 praeser-

334 2047 389 2079 tim
415 2046 469 2089 qui
496 2051 571 2077 sunt
600 2045 639 2078 de
657 2044 916 2087 Congregatione
942 2044 970 2076 S.
989 2044 1073 2076 Mau-

334 2099 372 2139 ri,
405 2100 556 2142 exemplo
591 2097 767 2141 proficere,
806 2108 842 2129 ac
875 2097 1014 2130 subinde
1039 2096 1072 2129 in

334 2153 430 2186 rebus
456 2153 520 2185 suis
539 2152 576 2187 ad
598 2151 652 2184 Dei
675 2151 813 2195 gloriam
839 2157 870 2184 et
893 2150 1071 2184 animarum

334 2207 517 2249 protectum
542 2206 668 2249 possint
691 2205 816 2239 utiliter
833 2205 997 2247 occupari.
1025 2204 1071 2237 Ad

335 2269 474 2303 quorum
499 2259 681 2292 studiorum
707 2264 826 2292 statum
845 2258 971 2291 felicem
989 2268 1071 2300 quae

336 2318 517 2355 sequuntur
535 2313 739 2347 declaramus
757 2312 922 2345 observari
941 2311 1071 2346 debere:

381 2365 527 2404 Quamvis
552 2366 585 2398 in
609 2365 722 2398 vicinis
748 2365 923 2399 academiis
950 2365 1071 2407 passim

337 2423 448 2451 extent
471 2419 638 2451 convictus
658 2418 844 2461 specialiter
861 2428 920 2461 pro
941 2417 1073 2460 religio-

338 2473 381 2505 sis
406 2473 445 2506 ad
471 2473 576 2505 studia
600 2472 766 2506 mittendis
798 2471 964 2512 ordinati,
997 2471 1073 2514 quia

338 2533 446 2559 tamen
472 2527 503 2558 in
529 2527 677 2569 pluribus
701 2526 922 2565 monasteriis,
954 2524 1071 2568 partim

337 2585 473 2622 propter
497 2580 660 2613 desectum
694 2581 875 2613 mediorum
907 2589 964 2611 seu
994 2587 1073 2610 sum-

337 2638 471 2677 ptuum,
499 2633 553 2676 qui
586 2633 618 2665 in
649 2633 834 2666 huiusmodi
870 2630 1071 2664 convictibus

912 237 1091 261 BULLixntmu
1115 236 1267 260 ROMANUM

1110 285 1149 317 ad
1181 294 1331 327 magnam
1365 285 1580 328 quantitatem
1605 285 1771 319 annuatim
1796 295 1849 318 ex-

1110 342 1270 377 crescunt,
1296 338 1413 380 partim
1450 338 1492 370 ob
1524 338 1604 371 alias
1635 348 1756 377 causas,
1781 347 1847 371 non

1110 401 1223 423 omnes
1245 391 1284 423 ad
1302 391 1451 433 publicas
1476 392 1658 425 academias
1683 391 1766 425 mitti
1791 401 1850 435 po-

1112 448 1252 483 tuerunt,
1278 444 1420 487 ideoque
1457 453 1524 477 non
1559 445 1653 487 pauci
1689 445 1848 478 hactenus

1110 496 1142 529 in
1167 497 1233 529 suis
1258 497 1465 530 monasteriis
1496 497 1566 530 sine
1599 497 1772 531 sufficienti
1801 498 1850 531 in-

1110 550 1288 584 structione
1314 555 1345 583 et
1362 550 1508 593 prosectu
1530 551 1689 584 litterario
1714 551 1848 590 detenti,

1111 604 1208 636 rudes
1233 608 1265 636 et
1289 603 1462 644 inhabiles,
1482 603 1539 637 otii
1564 603 1667 647 magis
1690 613 1787 647 quarn
1811 603 1851 636 li-

1110 656 1243 689 brorum
1258 662 1420 690 amatores
1435 661 1622 696 evaserunt,
1637 667 1708 690 cum
1723 657 1850 700 ingenti

1112 720 1169 742 suo
1191 715 1224 742 et
1248 710 1527 744 monasteriorum
1550 710 1744 752 dispendio:
1764 710 1851 750 ideo,

1111 768 1148 794 ut
1172 763 1232 795 hac
1257 763 1289 795 in
1314 768 1406 806 parte
1426 772 1484 806 per
1500 762 1769 805 Congregationis
1794 773 1852 796 no-

1112 822 1197 849 strae
1223 816 1377 849 unionem
1403 822 1627 857 succurratur,
1653 817 1687 850 in
1710 826 1775 849 uno
1799 817 1851 850 vel

1112 870 1262 912 pluribus
1280 870 1488 904 monasteriis
1518 870 1685 913 gymnasia
1705 875 1738 902 et
1754 870 1852 903 scho-

1113 923 1162 955 lae
1187 922 1387 965 aperiantur,
1412 922 1467 955 ubi
1501 922 1647 965 religiosi
1677 923 1710 955 in
1742 922 1852 955 studio

1113 975 1307 1015 rhetorices
1325 975 1358 1008 in
1383 975 1605 1018 philosophia,
1626 976 1755 1008 casibus
1780 985 1854 1008 con-

1113 1028 1276 1068 scientiae,
1304 1033 1336 1060 et
1353 1028 1499 1061 materiis
1524 1028 1733 1071 theologicis,
1758 1038 1854 1071 prae—

1114 1082 1225 1115 sertim
1250 1081 1326 1121 illis,
1351 1092 1434 1124 quae
1466 1091 1526 1124 pro
1560 1083 1637 1114 cura
1672 1082 1854 1115 animarum

1114 1141 1146 1168 et
1170 1136 1381 1168 instructione
1398 1135 1514 1178 populi
1539 1135 1572 1167 in
1597 1137 1675 1168 sana
1692 1140 1725 1167 et
1741 1135 1855 1169 ortho-

1115 1189 1197 1222 doxa
1213 1189 1364 1221 doctrina
1381 1188 1566 1222 necessaria
1588 1193 1672 1228 sunt,
1686 1193 1719 1221 et
1735 1188 1769 1222 in
1782 1188 1853 1221 aliis

1113 1242 1283 1281 similibus,
1300 1242 1339 1275 ad
1360 1241 1591 1275 sufficientiam
1607 1241 1799 1276 erudiantur
1822 1247 1855 1276 et

1115 1293 1327 1328 educantur¹t

1159 1348 1192 1380 In
1207 1357 1302 1390 quem
1321 1346 1429 1387 finem,
1448 1352 1578 1390 praeter
1594 1347 1675 1381 illud
1693 1352 1854 1382 monaste-

1115 1401 1207 1441 rium,
1236 1402 1324 1433 iuxta
1348 1401 1500 1444 superius
1532 1401 1627 1442 dicta,
1656 1412 1716 1444 pro
1743 1401 1852 1435 studio

1115 1455 1297 1488 rhetorices
1316 1460 1348 1487 et
1364 1455 1596 1498 philosophiae
1615 1455 1851 1496 destinandum,

1116 1509 1202 1541 aliud
1224 1508 1376 1541 constitui
1398 1508 1532 1541 debebit
1549 1518 1609 1551 pro
1627 1508 1742 1542 studiis
1761 1509 1854 1542 theo-

1116 1563 1219 1603 logiae
1245 1561 1457 1594 scholasticae
1483 1572 1519 1593 ac
1544 1562 1714 1604 positivae,
1737 1561 1853 1594 Sacrae

1114 1616 1299 1658 scripturae
1320 1620 1352 1647 et
1368 1624 1536 1648 sacrorum
1564 1625 1737 1656 canonum,
1756 1620 1853 1659 atque

1115 1670 1299 1711 linguarum
1332 1677 1412 1711 quae
1445 1668 1484 1700 ad
1517 1668 1631 1701 Sacrae
1663 1668 1852 1711 Scripturae

1115 1721 1364 1765 intelligentiam
1383 1721 1577 1754 conducent.
1600 1720 1691 1760 Quod
1708 1721 1734 1755 si
1751 1731 1854 1755 unum

1115 1776 1351 1812 monasterium
1377 1785 1436 1818 pro
1469 1776 1521 1807 his
1554 1776 1706 1808 omnibus
1738 1775 1853 1808 studiis

1115 1830 1213 1863 modo
1236 1829 1410 1862 nominatis
1436 1827 1531 1861 nimis
1556 1834 1731 1870 angustum
1755 1828 1851 1868 soret,

1116 1883 1179 1916 duo
1205 1882 1351 1925 deputari
1376 1886 1544 1924 poterunt,
1571 1881 1707 1914 arbitrio
1733 1881 1854 1925 capitu·

1115 1936 1146 1975 li,
1174 1936 1270 1969 toties
1296 1935 1425 1978 quoties
1459 1945 1591 1969 necesse
1620 1935 1781 1969 videbitur
1813 1936 1853 1970 ab

1115 2000 1178 2023 uno
1215 1990 1252 2021 ad
1290 1989 1377 2022 aliud
1414 1988 1649 2022 monasterium
1685 1989 1850 2022 mutando.

1114 2042 1315 2076 Professores
1341 2042 1409 2075 sive
1436 2042 1588 2080 tectores,
1615 2051 1653 2074 ea
1677 2040 1730 2074 et²
1753 2041 1854 2086 magi-

1114 2096 1170 2128 stri
1196 2102 1258 2128 tam
1279 2095 1462 2129 rhetorices
1483 2105 1579 2138 quam
1606 2095 1851 2138 philosophiae,

1114 2160 1221 2182 sacrae
1240 2149 1436 2191 theologiae,
1456 2159 1622 2186 sacrorum
1637 2157 1806 2188 canonum,
1819 2153 1853 2181 et

1114 2203 1250 2236 aliorum
1277 2202 1457 2236 studiorum
1482 2202 1736 2245 praedictorum,
1763 2212 1852 2236 assu-

1114 2262 1244 2290 mentur
1268 2256 1334 2289 sive
1355 2266 1391 2289 ex
1417 2258 1528 2289 nostra
1553 2255 1617 2288 sive
1642 2266 1679 2288 ex
1705 2255 1769 2289 alia
1792 2265 1853 2290 no-

1114 2310 1169 2342 stri
1187 2310 1315 2343 Ordinis
1339 2309 1370 2342 S.
1392 2308 1557 2343 Benedicti
1576 2309 1849 2352 Congregatione‚

1114 2374 1174 2397 nec
1192 2364 1231 2396 ab
1249 2363 1331 2396 alia³
1351 2363 1484 2397 alterius
1501 2362 1629 2396 Ordinis
1653 2362 1773 2397 assumi
1792 2372 1853 2406 po-

1149 2461 1161 2487 1
1184 2461 1339 2495 Legendum
1359 2461 1518 2488 educentur
1537 2460 1576 2495 (R.
1598 2460 1647 2490 Τ.).

1149 2506 1164 2531 2
1185 2506 1237 2532 Pro
1258 2515 1291 2533 ea
1310 2509 1337 2532 et
1352 2506 1457 2533 videtur
1473 2504 1616 2541 legendum
1631 2505 1676 2532 uti
1689 2507 1715 2532 et
1729 2505 1767 2539 (n.
1782 2505 1831 2538 τ.).

1150 2549 1165 2574 3
1186 2549 1274 2576 verba
1293 2558 1343 2576 nec
1363 2551 1398 2576 ab
1413 2551 1476 2577 aliti
1500 2550 1593 2577 nostri
1620 2549 1739 2576 Ordinis
1757 2550 1851 2577 sancti

1116 2594 1262 2621 Benedicti
1288 2595 1522 2629 Conyreyatione,
1544 2593 1595 2621 huc
1614 2593 1718 2621 intrusa
1735 2593 1764 2620 in
1783 2593 1840 2621 edit

1116 2638 1205 2672 Μαίη,
1227 2638 1354 2664 delemus
1370 2644 1407 2672 tn.
1423 2639 1471 2665 ΤΛ.

1847 237 1899 264 An.
1923 238 1952 265 C.
1971 239 2039 267 ¹686
