2111 3157
199 228 249 254 An.
270 226 298 254 c.
316 226 382 254 ¹688
429 217 494 252 894

392 277 441 309 vel
467 275 616 315 secunda,
632 276 681 309 vel
699 276 840 315 sabbato,
867 275 916 307 vel
937 274 1039 313 tertia,
1064 273 1127 305 sive

393 330 518 372 quinta,
545 334 640 371 prout
664 340 680 361 a
706 328 911 371 praesidente
944 326 1128 359 ordinatum

392 382 506 422 suerit,
531 383 576 414 sic
600 382 686 424 quod
711 381 750 414 ad
768 381 874 413 minus
899 378 1127 412 abstinentiam

391 445 487 468 unam
513 435 630 467 faciant
651 444 781 477 semper
798 434 830 466 in
850 433 1067 466 hebdomada.

435 499 477 521 vi.
504 488 536 520 In
564 488 709 520 Adventu
732 497 860 530 quoque
879 491 910 518 et
926 485 1129 528 Quinquage-

391 541 482 581 sima,
521 546 552 573 et
587 541 715 573 ieiuniis
750 540 894 578 Quatuor
925 539 1126 581 Temporum‚

391 594 488 626 etiarn
506 594 585 626 seria
604 594 728 636 quarta,
748 592 974 625 abstinentiam
997 591 1124 624 faciant.

434 657 490 680 vu.
519 646 553 679 In
577 646 693 689 vigiliis
713 654 789 678 vero
807 645 1028 688 apostolorum
1045 643 1128 677 Iaco-

389 699 430 738 bi,
458 698 704 738 Bartholomaei‚
737 698 899 734 Matthaei,
926 697 1067 730 Simonis
1095 703 1126 730 et

388 751 493 788 iudae,
524 752 686 792 Andreae,
714 751 871 790 Thomae,
902 750 1068 791 Matthiae,
1096 756 1127 783 et

387 805 488 836 sam-ti
508 805 669 837 Laurentii
688 805 849 847 martyris,
878 810 909 836 et
936 803 969 836 in
996 803 1125 836 ieiuniis

386 856 527 895 Ouatuor
544 857 754 900 Temporum,
777 863 806 889 et
830 857 910 889 seria
927 856 1070 889 secunda
1094 861 1125 889 et

387 909 481 942 tertia
498 910 713 952 Rogationum
733 909 914 942 ieiunantes
929 909 1029 941 semel
1043 909 1125 942 refe-

386 962 525 995 ctionem
552 967 692 996 sumant.

430 1024 500 1048 viu.
535 1015 568 1047 ln
601 1015 746 1048 Adventu
779 1020 810 1047 et
841 1014 1121 1058 Quinquagesima,

385 1069 527 1111 exceptis
561 1068 675 1100 diebus
707 1068 890 1107 dominicis,
914 1077 1043 1111 semper
1076 1069 1122 1101 ie-

384 1120 499 1153 iunent
523 1127 554 1153 et
574 1132 591 1153 a
616 1121 786 1153 lacticiniis
812 1121 1006 1161 abstineant,
1027 1126 1059 1153 et
1082 1122 1123 1154 si-

383 1174 503 1206 militer
528 1174 614 1206 omni
636 1174 714 1206 feria
739 1176 837 1212 sexta,
871 1174 931 1206 nisi
959 1175 990 1207 iu
1016 1176 1053 1207 ea
1078 1175 1123 1207 se-

384 1232 466 1259 stum
493 1227 625 1269 capituli
652 1233 741 1259 extra
767 1228 947 1259 Adventum
973 1232 1004 1259 et
1027 1227 1123 1265 Quin-

383 1280 603 1322 quagesimam
635 1281 832 1320 occurrerit,
862 1286 937 1312 tunc
962 1280 1048 1313 enim
1074 1281 1122 1313 his

383 1333 561 1372 comedant,
586 1333 640 1366 sed
663 1344 679 1365 a
705 1333 874 1366 lacticiniis
900 1334 1093 1367 abstineant.

427 1396 470 1419 lx.
498 1386 619 1418 Ceteris
645 1387 742 1419 totius
768 1386 843 1419 anni
871 1387 993 1426 diebus,
1013 1398 1053 1419 ue
1080 1388 1122 1419 ni-

382 1438 447 1471 mio
483 1439 592 1471 labore
631 1439 828 1481 frangantur,
867 1439 915 1471 his
951 1440 1121 1473 comedere

382 1496 529 1534 possunt,
567 1492 621 1523 sed
661 1493 761 1523 ¹semel
799 1498 921 1524 tantum
954 1493 1120 1535 pitantiam

383 1544 552 1588 accipiant,
580 1545 638 1576 nisi
665 1545 763 1587 priori
782 1546 876 1578 aliter
891 1546 991 1578 visum
1010 1547 1118 1580 fuerit.

381 1597 543 1640 Quidquid
569 1602 677 1629 autem
704 1598 742 1630 de
768 1598 875 1631 oblata
908 1599 953 1631 eis
986 1600 1122 1642 pitantia

383 1650 587 1692 superfuerit,
615 1650 693 1683 illud
730 1651 851 1693 absque
889 1652 1020 1684 licentia
1058 1663 1121 1685 non

383 1709 559 1742 reservent,
586 1704 641 1735 sed
668 1704 805 1735 reddant
830 1705 1030 1747 coquinario.

426 1767 455 1789 x.
483 1757 577 1789 Extra
603 1757 702 1789 horas
721 1758 801 1790 nihil
822 1758 1060 1799 alimentorum,
1079 1759 1123 1791 ni-

383 1809 407 1841 si
434 1809 583 1852 exigente
609 1810 799 1843 necessitate
825 1816 878 1843 aut
909 1811 1120 1853 infirmitate,

384 1863 458 1895 licet
483 1863 527 1895 eis
554 1873 694 1903 sumere,
721 1874 781 1896 nec
806 1865 912 1897 vinum
937 1865 1065 1898 hibere.

427 1926 470 1948 m.
496 1916 672 1956 Fratribus,
700 1916 754 1959 qui
782 1917 811 1949 in
838 1918 982 1960 grangiis
1000 1919 1049 1952 vel
1067 1919 1124 1952 ali-

384 1968 416 2001 bi
443 1974 633 2011 operantur,
660 1969 767 2002 vinum
797 1980 862 2003 non
888 1971 1035 2012 mittitur,
1062 1971 1121 2004 nisi

386 2021 426 2053 sit
450 2022 494 2053 eis
516 2022 558 2053 ibi
585 2023 851 2064 pernoctandum.

429 2085 484 2107 xu.
511 2074 627 2106 Purum
651 2075 759 2107 vinum
791 2086 851 2108 nec
880 2076 912 2108 in
944 2077 1014 2120 ipsa
1042 2077 1126 2110 refe-

387 2127 581 2166 ctione,nec
619 2132 709 2160 extra
743 2138 813 2160 eam
848 2139 989 2171 unquam
1014 2130 1124 2163 bibere

388 2180 527 2219 debent3
547 2180 673 2222 quoties
707 2186 813 2213 autem
846 2181 987 2214 scienter
1018 2182 1125 2215 vinum

388 2243 505 2275 purum
530 2233 689 2273 biberint,
717 2234 831 2273 toties,
859 2236 988 2277 quando
1012 2236 1126 2269 bibere

389 2286 495 2318 vinum
514 2290 668 2328 poterunt
685 2286 780 2326 licite,
800 2297 815 2319 a
833 2287 908 2320 vino
927 2289 1124 2322 abstineant.

433 2348 502 2372 xm.
531 2339 564 2371 ln
599 2339 765 2381 partibus,
790 2340 845 2372 ulJi
871 2351 936 2373 non
968 2342 1127 2374 assuescit

392 2392 509 2431 vinum,
536 2392 685 2424 conversi
711 2393 773 2425 sint
798 2394 938 2426 contenti
965 2394 1039 2427 vino
1064 2395 1128 2427 die-

389 2443 451 2476 bus
478 2444 598 2475 festivis
623 2445 738 2486 quihus
765 2445 796 2477 in
820 2446 992 2479 refectorio
1023 2457 1128 2479 come-

393 2495 486 2535 ditur,
513 2497 583 2528 aliis
608 2506 683 2529 vero
702 2498 814 2530 diebus
832 2499 964 2532 cervisia
984 2505 1125 2532 utantur.

437 2558 498 2581 xlv.
534 2548 646 2582 Nullus
682 2550 885 2594 interrogare
918 2553 1016 2585 debet
1051 2552 1126 2596 quid

391 2612 452 2648 pro
488 2602 663 2636 resectione
702 2611 858 2648 coquatur
883 2617 899 2638 a
924 2605 1127 2649 coquinario,

978 225 1160 249 nvttxntt'ttt
1183 225 1222 248 l'tO
1229 225 1336 250 izztxt'ttt

1173 283 1232 306 nec
1252 273 1369 316 aliquis
1395 283 1543 307 recusare
1567 279 1677 318 potest
1693 275 1781 309 licite
1799 275 1909 319 coqui-

1173 336 1244 358 nam
1265 336 1320 358 seu
1337 327 1516 369 pitantiam,
1538 338 1620 370 quae
1645 329 1842 370 generaliter
1866 339 1905 362 o-

1172 379 1300 411 mnibus
1327 385 1376 413 est
1407 386 1608 422 praeparata,
1633 380 1694 413 nisi
1719 380 1907 414 infirmitate

1171 437 1319 474 cogente.
1346 432 1433 471 Quod
1470 433 1495 465 si
1533 433 1605 476 quis
1641 434 1680 467 de
1716 433 1908 467 victualibus

1171 494 1376 517 murmurare
1396 486 1663 529 praesumpserit,
1685 488 1723 518 ea
1747 497 1781 519 re
1806 487 1909 530 prive-

1171 542 1222 569 tur
1246 538 1379 571 omnino
1405 549 1462 581 pro
1488 549 1549 582 qua
1574 539 1834 573 murmuraverit.

1213 601 1262 623 xv.
1287 591 1427 634 Antiqua
1462 593 1662 625 consuetudo
1699 597 1747 626 est
1775 598 1811 625 ut
1843 593 1907 627 duo

1170 654 1290 686 genera
1314 655 1443 687 panum,
1469 646 1603 678 alterum
1629 646 1713 689 quod
1739 646 1908 689 pulchrius

1171 702 1201 728 et
1225 697 1338 740 purius
1364 698 1403 729 sit
1430 698 1597 731 monachis
1623 698 1786 739 faciamus,
1808 704 1840 732 et
1863 700 1908 733 al-

1172 754 1274 782 terum
1302 751 1474 784 conversis.
1500 751 1590 790 Quod
1617 763 1689 785 cum
1714 751 1814 795 priori
1841 753 1908 796 pla-

1169 803 1272 835 cuerit
1305 809 1340 835 ut
1377 805 1439 844 fiat,
1472 804 1498 837 ei
1536 805 1759 839 contradicere
1796 806 1905 839 nullus

1169 856 1295 888 audeat.

1212 909 1331 941 xv1.ln
1357 910 1529 943 refectorio
1562 911 1676 944 nolens
1707 912 1825 955 aliquis
1858 922 1904 953 ea,

1168 971 1250 1004 quae
1276 962 1337 994 sibi
1362 969 1577 1005 apponuntur,
1600 974 1635 996 ex
1671 964 1779 1007 aliqua
1810 967 1906 997 causa

1167 1014 1347 1054 comedere,
1360 1015 1451 1047 alteri
1467 1016 1634 1058 porrigere
1655 1016 1700 1049 sas
1715 1026 1777 1049 non
1794 1016 1905 1050 habet.

1210 1077 1285 1100 xvu.
1312 1067 1426 1100 Oculos
1459 1068 1590 1111 ubique,
1624 1069 1679 1101 sed
1709 1069 1846 1102 maxime
1872 1069 1905 1102 in

1166 1121 1304 1153 ecclesia
1317 1126 1348 1153 et
1361 1121 1544 1161 refectorio,
1563 1121 1746 1161 cohibeant,
1762 1133 1802 1156 ne
1819 1132 1906 1155 mur-

1167 1173 1314 1205 murandi
1348 1178 1401 1205 aut
1433 1173 1561 1206 ridendi
1595 1173 1798 1207 occasionem
1825 1173 1906 1207 liau-

1167 1227 1263 1259 riant.

1208 1290 1295 1313 thlt.
1324 1281 1405 1312 Ante
1431 1280 1648 1319 resectionem=
1677 1291 1735 1324 pro
1762 1281 1902 1314 benedi-

1165 1334 1272 1366 ctione
1299 1334 1399 1366 scmel
1425 1333 1525 1366 Pater
1541 1338 1647 1366 noster
1664 1339 1695 1366 et
1711 1334 1778 1367 Ave
1797 1334 1906 1367 Maria

1166 1386 1282 1425 dicant,
1310 1391 1341 1418 et
1365 1386 1490 1428 signum
1524 1387 1626 1419 crucis
1664 1387 1804 1427 faciant;
1832 1392 1907 1430 post

1165 1439 1376 1471 refectionem
1403 1449 1477 1471 vero
1503 1449 1563 1482 pro
1586 1439 1760 1483 gratiarum
1779 1439 1904 1472 actione

1165 1492 1274 1523 dicant
1294 1497 1340 1524 ter
1358 1492 1458 1525 Pater
1475 1497 1582 1524 noster
1606 1498 1636 1524 et
1654 1493 1731 1533 Are,
1749 1493 1905 1535 praemis-

1164 1556 1198 1577 so
1216 1545 1356 1587 Animus
1378 1546 1437 1577 tihi
1452 1546 1590 1588 gratias,
1605 1550 1659 1579 etc.

1209 1609 1229 1631 1.
1259 1598 1396 1641 Antiqua
1428 1599 1630 1631 consuetudo
1665 1604 1724 1640 est,
1750 1605 1783 1632 nt
1809 1600 1904 1633 toties
1941 1603 2010 1626 0⁰⁰1
2024 1604 2068 1627 XV·

1915 1631 1944 1652 Do
1952 1634 2023 1652 ras-nra
2033 1635 2050 1652 et
2060 1632 2094 1653 mi-

1166 1652 1320 1683 radantur
1344 1650 1501 1689 conversi,
1537 1656 1568 1683 et
1601 1660 1715 1684 eorum
1740 1660 1904 1695 grenones
1914 1659 2034 1679 ⁰⁰¹⁵0nibu³
2056 1658 2094 1680 tw

1915 1687 1976 1706 trum.

1165 1704 1224 1743 <sic
1241 1705 1444 1747 appellamus
1460 1704 1592 1736 barbam
1612 1705 1832 1749 superiorem>
1849 1716 1904 1738 au-

1167 1758 1322 1797 ferantur,
1341 1757 1467 1800 quoties
1494 1757 1646 1789 monachi
1665 1758 1836 1792 raduntur.
1856 1759 1905 1792 ln-

1166 1810 1265 1843 ferior
1289 1815 1395 1842 autem
1420 1810 1532 1850 barba,
1572 1820 1653 1853 quae
1679 1811 1710 1843 in
1736 1812 1907 1854 poeniten·-

1167 1864 1242 1896 tiam
1267 1873 1397 1905 semper
1421 1863 1481 1895 snit
1505 1863 1550 1896 eis
1576 1863 1698 1902 relicta,
1725 1874 1765 1896 ne
1792 1863 1823 1896 in
1849 1864 1906 1897 ali-

1167 1928 1262 1960 quem
1289 1918 1427 1949 abusum
1453 1922 1659 1949 convertatur
1681 1925 1836 1959 unquam,
1854 1928 1906 1950 vo·

1167 1972 1272 2003 lumus
1298 1975 1332 2002 ut
1357 1969 1489 2002 omnino
1520 1969 1715 2011 negligatur.
1754 1969 1844 2008 Quod
1877 1970 1905 2003 si

1168 2023 1238 2066 quis
1269 2022 1466 2055 contrarium
1495 2021 1617 2062 fecerit,
1637 2023 1701 2054 tota
1723 2021 1824 2054 barba
1841 2021 1907 2065 pri-

1167 2082 1271 2109 vetur.

1213 2140 1246 2162 u.
1275 2128 1450 2161 Generales
1467 2127 1665 2161 minutiones
1684 2133 1739 2160 aut
1754 2127 1909 2161 minutio-

1169 2192 1244 2213 niun
1269 2180 1427 2213 beneficia
1452 2181 1619 2213 conversis
1644 2191 1710 2213 non
1728 2181 1909 2214 concedan-

1170 2241 1229 2271 tur,
1259 2235 1316 2267 sed
1346 2235 1372 2266 si
1402 2234 1473 2277 quis
1503 2244 1615 2266 eorum
1643 2234 1824 2267 minutione
1853 2239 1909 2267 aut

1170 2289 1231 2320 alio
1258 2288 1370 2330 ‹piovis
1394 2286 1609 2319 medicamine
1630 2287 1785 2329 indigeat,
1810 2287 1910 2320 licen-

1170 2341 1244 2372 tiam
1265 2345 1353 2383 petat
1381 2351 1397 2372 a
1416 2340 1538 2382 priore,
1558 2340 1612 2382 qui
1632 2345 1767 2383 paterno
1793 2339 1909 2373 affectu

1171 2395 1197 2426 ei
1218 2393 1402 2437 providebit
1418 2394 1504 2426 iuxta
1522 2393 1770 2436 possibilitatem
1793 2392 1909 2426 domus

1171 2452 1202 2478 et
1219 2446 1412 2488 exigentiam
1431 2445 1637 2478 infirmitatis.

1215 2510 1261 2531 ιη.
1283 2499 1452 2532 Monentur
1470 2504 1577 2531 tamen
1593 2497 1722 2537 infirmi,
1742 2508 1782 2530 ne
1800 2507 1911 2541 super-

1171 2552 1231 2584 flua
1257 2557 1311 2583 aut
1335 2551 1549 2594 impossibilia
1579 2550 1720 2594 petendo
1748 2555 1801 2583 aut
1826 2551 1909 2583 sorte

1172 2605 1404 2638 minuturando
1430 2604 1608 2638 servientes·
1627 2603 1686 2637 sibi
1704 2603 1909 2645 contristent,

1913 227 1962 255 An.
1983 227 2011 255 C.
2029 228 2096 258 1088
