<?xml version="1.0" encoding="UTF-8"?>
<!DOCTYPE html PUBLIC "-//W3C//DTD XHTML 1.0 Transitional//EN"
    "http://www.w3.org/TR/xhtml1/DTD/xhtml1-transitional.dtd">
<html xmlns="http://www.w3.org/1999/xhtml" xml:lang="en" lang="en">
 <head>
  <title>
</title>
<meta http-equiv="Content-Type" content="text/html;charset=utf-8" />
  <meta name='ocr-system' content='tesseract 3.04.00' />
  <meta name='ocr-capabilities' content='ocr_page ocr_carea ocr_par ocr_line ocrx_word'/>
</head>
<body>
  <div class='ocr_page' id='page_1' title='image "./bullarumdiplomat19cath_0178.png"; bbox 0 0 2111 3157; ppageno 0'>
   <div class='ocr_carea' id='block_1_1' title="bbox 164 190 350 219">
    <p class='ocr_par' dir='ltr' id='par_1_1' title="bbox 164 190 350 219">
     <span class='ocr_line' id='line_1_1' title="bbox 164 190 350 219; baseline 0.011 -2"><span class='ocrx_word' id='word_1_1' title='bbox 164 191 213 219; x_wconf 77' lang='lat' dir='ltr'>An.</span> <span class='ocrx_word' id='word_1_2' title='bbox 233 190 260 216; x_wconf 89' lang='lat' dir='ltr'>C.</span> <span class='ocrx_word' id='word_1_3' title='bbox 285 192 350 219; x_wconf 71' lang='lat'>¹670</span> 
     </span>
    </p>
   </div>
   <div class='ocr_carea' id='block_1_2' title="bbox 146 1191 352 1461">
    <p class='ocr_par' dir='ltr' id='par_1_2' title="bbox 146 1191 352 1461">
     <span class='ocr_line' id='line_1_2' title="bbox 146 1191 352 1461; baseline 0 1696"><span class='ocrx_word' id='word_1_4' title='bbox 146 1191 352 1461; x_wconf 95' lang='lat' dir='ltr'> </span> 
     </span>
    </p>
   </div>
   <div class='ocr_carea' id='block_1_3' title="bbox 356 183 2060 284">
    <p class='ocr_par' dir='ltr' id='par_1_3' title="bbox 356 183 2060 284">
     <span class='ocr_line' id='line_1_3' title="bbox 396 183 2060 218; baseline 0.001 -2"><span class='ocrx_word' id='word_1_5' title='bbox 396 183 460 216; x_wconf 72' lang='lat' dir='ltr'>ttt</span> <span class='ocrx_word' id='word_1_6' title='bbox 936 190 1115 214; x_wconf 70' lang='lat' dir='ltr'>nrttxtztru</span> <span class='ocrx_word' id='word_1_7' title='bbox 1140 189 1292 213; x_wconf 61' lang='lat' dir='ltr'>nnuman</span> <span class='ocrx_word' id='word_1_8' title='bbox 1677 186 1694 195; x_wconf 50' lang='lat'><em>⁸</em></span> <span class='ocrx_word' id='word_1_9' title='bbox 1717 187 1748 198; x_wconf 32' lang='grc' dir='ltr'>Γ</span> <span class='ocrx_word' id='word_1_10' title='bbox 1877 188 1925 215; x_wconf 73' lang='lat' dir='ltr'>An.</span> <span class='ocrx_word' id='word_1_11' title='bbox 1942 189 1972 217; x_wconf 79' lang='lat' dir='ltr'>C.</span> <span class='ocrx_word' id='word_1_12' title='bbox 1994 189 2060 218; x_wconf 75' lang='grc'>1679</span> 
     </span>
     <span class='ocr_line' id='line_1_4' title="bbox 356 236 2059 284; baseline -0.002 -9"><span class='ocrx_word' id='word_1_13' title='bbox 356 253 456 284; x_wconf 62' lang='lat' dir='ltr'>regno</span> <span class='ocrx_word' id='word_1_14' title='bbox 483 242 711 284; x_wconf 63' lang='lat' dir='ltr'>portugalliae,</span> <span class='ocrx_word' id='word_1_15' title='bbox 740 240 923 283; x_wconf 85' lang='lat' dir='ltr'>quod,cum</span> <span class='ocrx_word' id='word_1_16' title='bbox 948 239 981 271; x_wconf 89' lang='lat' dir='ltr'>in</span> <span class='ocrx_word' id='word_1_17' title='bbox 1007 239 1093 271; x_wconf 79' lang='lat' dir='ltr'>dieta</span> <span class='ocrx_word' id='word_1_18' title='bbox 1113 236 1115 260; x_wconf 77' lang='lat' dir='ltr'>t</span> <span class='ocrx_word' id='word_1_19' title='bbox 1137 237 1182 277; x_wconf 92' lang='lat' dir='ltr'>tii,</span> <span class='ocrx_word' id='word_1_20' title='bbox 1208 238 1329 270; x_wconf 85' lang='lat' dir='ltr'>eisdem</span> <span class='ocrx_word' id='word_1_21' title='bbox 1355 237 1574 270; x_wconf 76' lang='lat' dir='ltr'>cardinalibus</span> <span class='ocrx_word' id='word_1_22' title='bbox 1595 247 1694 280; x_wconf 85' lang='lat' dir='ltr'>super</span> <span class='ocrx_word' id='word_1_23' title='bbox 1718 237 1872 280; x_wconf 86' lang='lat' dir='ltr'>praemis·</span> <span class='ocrx_word' id='word_1_24' title='bbox 1908 245 2059 272; x_wconf 61' lang='lat' dir='ltr'>poneremu-</span> 
     </span>
    </p>
   </div>
   <div class='ocr_carea' id='block_1_4' title="bbox 355 293 1096 1233">
    <p class='ocr_par' dir='ltr' id='par_1_4' title="bbox 355 293 1096 1181">
     <span class='ocr_line' id='line_1_5' title="bbox 355 293 1093 337; baseline -0.008 -8"><span class='ocrx_word' id='word_1_25' title='bbox 355 296 623 337; x_wconf 56' lang='lat' dir='ltr'>congregatione,</span> <span class='ocrx_word' id='word_1_26' title='bbox 651 294 762 335; x_wconf 70' lang='lat' dir='ltr'>vigore</span> <span class='ocrx_word' id='word_1_27' title='bbox 789 293 913 335; x_wconf 78' lang='lat' dir='ltr'>antiqui</span> <span class='ocrx_word' id='word_1_28' title='bbox 933 302 1009 324; x_wconf 89' lang='lat' dir='ltr'>usus</span> <span class='ocrx_word' id='word_1_29' title='bbox 1039 298 1093 324; x_wconf 91' lang='lat' dir='ltr'>aut</span> 
     </span>
     <span class='ocr_line' id='line_1_6' title="bbox 356 344 1092 391; baseline -0.005 -11"><span class='ocrx_word' id='word_1_30' title='bbox 356 348 528 391; x_wconf 68' lang='lat' dir='ltr'>peculiaris</span> <span class='ocrx_word' id='word_1_31' title='bbox 545 346 663 379; x_wconf 70' lang='lat' dir='ltr'>decreti</span> <span class='ocrx_word' id='word_1_32' title='bbox 682 345 812 388; x_wconf 83' lang='lat' dir='ltr'>capituli</span> <span class='ocrx_word' id='word_1_33' title='bbox 832 344 1008 386; x_wconf 74' lang='lat' dir='ltr'>generalis,</span> <span class='ocrx_word' id='word_1_34' title='bbox 1027 355 1092 377; x_wconf 89' lang='lat' dir='ltr'>non</span> 
     </span>
     <span class='ocr_line' id='line_1_7' title="bbox 356 398 1094 441; baseline -0.005 -8"><span class='ocrx_word' id='word_1_35' title='bbox 356 407 461 433; x_wconf 83' lang='lat' dir='ltr'>autem</span> <span class='ocrx_word' id='word_1_36' title='bbox 481 401 589 441; x_wconf 64' lang='lat' dir='ltr'>rigore</span> <span class='ocrx_word' id='word_1_37' title='bbox 610 398 876 431; x_wconf 82' lang='lat' dir='ltr'>constitutionum</span> <span class='ocrx_word' id='word_1_38' title='bbox 901 398 1094 441; x_wconf 90' lang='lat' dir='ltr'>apostolica-</span> 
     </span>
     <span class='ocr_line' id='line_1_8' title="bbox 355 450 1094 493; baseline -0.005 -7"><span class='ocrx_word' id='word_1_39' title='bbox 355 465 425 486; x_wconf 89' lang='lat' dir='ltr'>rum</span> <span class='ocrx_word' id='word_1_40' title='bbox 452 458 506 485; x_wconf 90' lang='lat' dir='ltr'>aut</span> <span class='ocrx_word' id='word_1_41' title='bbox 530 451 797 484; x_wconf 65' lang='lat' dir='ltr'>constitutionum</span> <span class='ocrx_word' id='word_1_42' title='bbox 826 450 928 493; x_wconf 89' lang='lat' dir='ltr'>ipsius</span> <span class='ocrx_word' id='word_1_43' title='bbox 953 450 1094 492; x_wconf 78' lang='lat' dir='ltr'>Congre-</span> 
     </span>
     <span class='ocr_line' id='line_1_9' title="bbox 357 504 1093 550; baseline -0.004 -12"><span class='ocrx_word' id='word_1_44' title='bbox 357 506 510 547; x_wconf 67' lang='lat' dir='ltr'>gationis,</span> <span class='ocrx_word' id='word_1_45' title='bbox 537 510 646 537; x_wconf 80' lang='lat' dir='ltr'>votum</span> <span class='ocrx_word' id='word_1_46' title='bbox 665 505 696 536; x_wconf 89' lang='lat' dir='ltr'>in</span> <span class='ocrx_word' id='word_1_47' title='bbox 719 504 927 550; x_wconf 69' lang='lat' dir='ltr'>‘generalibus</span> <span class='ocrx_word' id='word_1_48' title='bbox 945 504 1093 545; x_wconf 87' lang='lat' dir='ltr'>capitulis</span> 
     </span>
     <span class='ocr_line' id='line_1_10' title="bbox 357 556 1092 600; baseline -0.005 -9"><span class='ocrx_word' id='word_1_49' title='bbox 357 558 492 591; x_wconf 83' lang='lat' dir='ltr'>liaberet</span> <span class='ocrx_word' id='word_1_50' title='bbox 531 557 726 600; x_wconf 79' lang='lat' dir='ltr'>quicumque</span> <span class='ocrx_word' id='word_1_51' title='bbox 758 556 909 589; x_wconf 76' lang='lat' dir='ltr'>sacerdos</span> <span class='ocrx_word' id='word_1_52' title='bbox 947 556 1092 588; x_wconf 86' lang='lat' dir='ltr'>habitum</span> 
     </span>
     <span class='ocr_line' id='line_1_11' title="bbox 357 609 1094 653; baseline 0 -12"><span class='ocrx_word' id='word_1_53' title='bbox 357 610 546 653; x_wconf 56' lang='lat' dir='ltr'>gestat-isset</span> <span class='ocrx_word' id='word_1_54' title='bbox 570 620 627 652; x_wconf 87' lang='lat' dir='ltr'>per</span> <span class='ocrx_word' id='word_1_55' title='bbox 651 620 703 641; x_wconf 87' lang='lat' dir='ltr'>sex</span> <span class='ocrx_word' id='word_1_56' title='bbox 726 619 850 649; x_wconf 70' lang='lat' dir='ltr'>annos,</span> <span class='ocrx_word' id='word_1_57' title='bbox 884 609 916 641; x_wconf 92' lang='lat' dir='ltr'>id</span> <span class='ocrx_word' id='word_1_58' title='bbox 940 619 1017 642; x_wconf 87' lang='lat' dir='ltr'>vero</span> <span class='ocrx_word' id='word_1_59' title='bbox 1042 619 1094 641; x_wconf 88' lang='lat' dir='ltr'>ce-</span> 
     </span>
     <span class='ocr_line' id='line_1_12' title="bbox 357 662 1092 703; baseline -0.004 -7"><span class='ocrx_word' id='word_1_60' title='bbox 357 666 449 696; x_wconf 73' lang='lat' dir='ltr'>deret</span> <span class='ocrx_word' id='word_1_61' title='bbox 473 663 503 695; x_wconf 93' lang='lat' dir='ltr'>in</span> <span class='ocrx_word' id='word_1_62' title='bbox 530 663 683 695; x_wconf 87' lang='lat' dir='ltr'>damnum</span> <span class='ocrx_word' id='word_1_63' title='bbox 709 662 992 703; x_wconf 74' lang='lat' dir='ltr'>Congregationis,</span> <span class='ocrx_word' id='word_1_64' title='bbox 1018 662 1092 694; x_wconf 87' lang='lat' dir='ltr'>dum</span> 
     </span>
     <span class='ocr_line' id='line_1_13' title="bbox 356 714 1093 758; baseline -0.001 -11"><span class='ocrx_word' id='word_1_65' title='bbox 356 717 409 748; x_wconf 88' lang='lat' dir='ltr'>isti</span> <span class='ocrx_word' id='word_1_66' title='bbox 428 717 586 758; x_wconf 69' lang='lat' dir='ltr'>inexperti</span> <span class='ocrx_word' id='word_1_67' title='bbox 605 721 636 748; x_wconf 90' lang='lat' dir='ltr'>et</span> <span class='ocrx_word' id='word_1_68' title='bbox 655 725 751 758; x_wconf 87' lang='lat' dir='ltr'>saepe</span> <span class='ocrx_word' id='word_1_69' title='bbox 772 714 981 758; x_wconf 73' lang='lat' dir='ltr'>passionibus</span> <span class='ocrx_word' id='word_1_70' title='bbox 1007 715 1093 747; x_wconf 86' lang='lat' dir='ltr'>ducti</span> 
     </span>
     <span class='ocr_line' id='line_1_14' title="bbox 356 767 1095 812; baseline -0.003 -10"><span class='ocrx_word' id='word_1_71' title='bbox 356 781 422 802; x_wconf 86' lang='lat' dir='ltr'>non</span> <span class='ocrx_word' id='word_1_72' title='bbox 447 770 668 812; x_wconf 64' lang='lat' dir='ltr'>respiciebant</span> <span class='ocrx_word' id='word_1_73' title='bbox 698 769 735 802; x_wconf 88' lang='lat' dir='ltr'>ad</span> <span class='ocrx_word' id='word_1_74' title='bbox 768 770 889 801; x_wconf 90' lang='lat' dir='ltr'>bonum</span> <span class='ocrx_word' id='word_1_75' title='bbox 914 767 1095 810; x_wconf 74' lang='lat' dir='ltr'>Congrega-</span> 
     </span>
     <span class='ocr_line' id='line_1_15' title="bbox 356 821 1094 864; baseline -0.004 -9"><span class='ocrx_word' id='word_1_76' title='bbox 356 823 477 856; x_wconf 82' lang='lat' dir='ltr'>tionis:</span> <span class='ocrx_word' id='word_1_77' title='bbox 495 823 670 864; x_wconf 64' lang='lat' dir='ltr'>capitulum</span> <span class='ocrx_word' id='word_1_78' title='bbox 686 822 837 864; x_wconf 73' lang='lat' dir='ltr'>generale</span> <span class='ocrx_word' id='word_1_79' title='bbox 855 821 1001 853; x_wconf 88' lang='lat' dir='ltr'>eiusdem</span> <span class='ocrx_word' id='word_1_80' title='bbox 1019 821 1094 853; x_wconf 83' lang='lat' dir='ltr'>Con-</span> 
     </span>
     <span class='ocr_line' id='line_1_16' title="bbox 357 874 1092 917; baseline -0.003 -10"><span class='ocrx_word' id='word_1_81' title='bbox 357 875 567 917; x_wconf 62' lang='lat' dir='ltr'>erogationis,</span> <span class='ocrx_word' id='word_1_82' title='bbox 595 886 680 908; x_wconf 91' lang='lat' dir='ltr'>anno</span> <span class='ocrx_word' id='word_1_83' title='bbox 695 884 867 908; x_wconf 70' lang='lat' dir='ltr'>ninctxxvtl</span> <span class='ocrx_word' id='word_1_84' title='bbox 884 874 1092 912; x_wconf 85' lang='lat' dir='ltr'>celebratum,</span> 
     </span>
     <span class='ocr_line' id='line_1_17' title="bbox 357 927 1092 970; baseline -0.003 -10"><span class='ocrx_word' id='word_1_85' title='bbox 357 928 506 965; x_wconf 83' lang='lat' dir='ltr'>decrevit,</span> <span class='ocrx_word' id='word_1_86' title='bbox 534 928 617 970; x_wconf 85' lang='lat' dir='ltr'>quod</span> <span class='ocrx_word' id='word_1_87' title='bbox 652 927 828 969; x_wconf 77' lang='lat' dir='ltr'>ingressuri</span> <span class='ocrx_word' id='word_1_88' title='bbox 865 927 897 958; x_wconf 90' lang='lat' dir='ltr'>in</span> <span class='ocrx_word' id='word_1_89' title='bbox 929 932 1092 968; x_wconf 87' lang='lat' dir='ltr'>posterum</span> 
     </span>
     <span class='ocr_line' id='line_1_18' title="bbox 357 979 1095 1022; baseline -0.003 -10"><span class='ocrx_word' id='word_1_90' title='bbox 357 981 475 1013; x_wconf 70' lang='lat' dir='ltr'>dietam</span> <span class='ocrx_word' id='word_1_91' title='bbox 505 980 799 1022; x_wconf 54' lang='lat' dir='ltr'>congregationem</span> <span class='ocrx_word' id='word_1_92' title='bbox 834 989 899 1011; x_wconf 93' lang='lat' dir='ltr'>non</span> <span class='ocrx_word' id='word_1_93' title='bbox 937 979 1095 1011; x_wconf 86' lang='lat' dir='ltr'>baberent</span> 
     </span>
     <span class='ocr_line' id='line_1_19' title="bbox 355 1031 1096 1075; baseline -0.003 -10"><span class='ocrx_word' id='word_1_94' title='bbox 355 1039 463 1065; x_wconf 85' lang='lat' dir='ltr'>votnm</span> <span class='ocrx_word' id='word_1_95' title='bbox 491 1033 550 1064; x_wconf 89' lang='lat' dir='ltr'>nisi</span> <span class='ocrx_word' id='word_1_96' title='bbox 577 1037 749 1075; x_wconf 78' lang='lat' dir='ltr'>postquam</span> <span class='ocrx_word' id='word_1_97' title='bbox 776 1032 808 1063; x_wconf 94' lang='lat' dir='ltr'>in</span> <span class='ocrx_word' id='word_1_98' title='bbox 829 1031 899 1074; x_wconf 75' lang='lat' dir='ltr'>ipsa</span> <span class='ocrx_word' id='word_1_99' title='bbox 915 1031 1096 1073; x_wconf 71' lang='lat' dir='ltr'>Congrega-</span> 
     </span>
     <span class='ocr_line' id='line_1_20' title="bbox 358 1084 1096 1128; baseline -0.004 -10"><span class='ocrx_word' id='word_1_100' title='bbox 358 1088 442 1119; x_wconf 88' lang='lat' dir='ltr'>tione</span> <span class='ocrx_word' id='word_1_101' title='bbox 467 1085 719 1128; x_wconf 70' lang='lat' dir='ltr'>permansissent</span> <span class='ocrx_word' id='word_1_102' title='bbox 752 1094 810 1128; x_wconf 88' lang='lat' dir='ltr'>per</span> <span class='ocrx_word' id='word_1_103' title='bbox 841 1095 945 1117; x_wconf 88' lang='lat' dir='ltr'>annos</span> <span class='ocrx_word' id='word_1_104' title='bbox 969 1084 1096 1126; x_wconf 75' lang='lat' dir='ltr'>viginti-</span> 
     </span>
     <span class='ocr_line' id='line_1_21' title="bbox 357 1139 514 1181; baseline -0.006 -10"><span class='ocrx_word' id='word_1_105' title='bbox 357 1139 514 1181; x_wconf 84' lang='lat' dir='ltr'>quinque.</span> 
     </span>
    </p>

    <p class='ocr_par' dir='ltr' id='par_1_5' title="bbox 401 1189 1096 1233">
     <span class='ocr_line' id='line_1_22' title="bbox 401 1189 1096 1233; baseline -0.003 -10"><span class='ocrx_word' id='word_1_106' title='bbox 401 1192 415 1233; x_wconf 61' lang='grc' dir='ltr'>ξ</span> <span class='ocrx_word' id='word_1_107' title='bbox 438 1190 468 1223; x_wconf 64' lang='lat'>2.</span> <span class='ocrx_word' id='word_1_108' title='bbox 490 1190 565 1223; x_wconf 87' lang='lat' dir='ltr'>Cum</span> <span class='ocrx_word' id='word_1_109' title='bbox 591 1195 710 1228; x_wconf 84' lang='lat' dir='ltr'>autem,</span> <span class='ocrx_word' id='word_1_110' title='bbox 727 1189 807 1221; x_wconf 84' lang='lat' dir='ltr'>sieut</span> <span class='ocrx_word' id='word_1_111' title='bbox 831 1189 944 1222; x_wconf 86' lang='lat' dir='ltr'>eadem</span> <span class='ocrx_word' id='word_1_112' title='bbox 970 1189 1096 1232; x_wconf 82' lang='lat' dir='ltr'>exposi-</span> 
     </span>
    </p>
   </div>
   <div class='ocr_carea' id='block_1_5' title="bbox 254 1229 1097 1496">
    <p class='ocr_par' dir='ltr' id='par_1_6' title="bbox 254 1229 1096 1398">
     <span class='ocr_line' id='line_1_23' title="bbox 257 1229 1096 1293; baseline 0 -18"><span class='ocrx_word' id='word_1_113' title='bbox 257 1254 274 1293; x_wconf 44' lang='grc' dir='ltr'>[ᾗ</span> <span class='ocrx_word' id='word_1_114' title='bbox 298 1229 401 1291; x_wconf 46' lang='grc' dir='ltr'>ἔξῖξιίο</span> <span class='ocrx_word' id='word_1_115' title='bbox 428 1243 655 1285; x_wconf 72' lang='lat' dir='ltr'>subiungebat,</span> <span class='ocrx_word' id='word_1_116' title='bbox 682 1243 787 1275; x_wconf 87' lang='lat' dir='ltr'>dietus</span> <span class='ocrx_word' id='word_1_117' title='bbox 813 1242 996 1275; x_wconf 75' lang='lat' dir='ltr'>Alexander</span> <span class='ocrx_word' id='word_1_118' title='bbox 1026 1253 1096 1285; x_wconf 91' lang='lat' dir='ltr'>pro-</span> 
     </span>
     <span class='ocr_line' id='line_1_24' title="bbox 254 1295 1096 1346; baseline -0.001 -17"><span class='ocrx_word' id='word_1_119' title='bbox 254 1308 306 1345; x_wconf 31' lang='grc' dir='ltr'>,ἴω</span> <span class='ocrx_word' id='word_1_120' title='bbox 319 1307 346 1346; x_wconf 50' lang='grc' dir='ltr'>γὲ</span> <span class='ocrx_word' id='word_1_121' title='bbox 358 1302 485 1329; x_wconf 82' lang='lat' dir='ltr'>curator</span> <span class='ocrx_word' id='word_1_122' title='bbox 503 1296 673 1338; x_wconf 74' lang='lat' dir='ltr'>generalis,</span> <span class='ocrx_word' id='word_1_123' title='bbox 691 1300 725 1327; x_wconf 91' lang='lat' dir='ltr'>ut</span> <span class='ocrx_word' id='word_1_124' title='bbox 743 1296 907 1328; x_wconf 79' lang='lat' dir='ltr'>decretum</span> <span class='ocrx_word' id='word_1_125' title='bbox 932 1295 1096 1328; x_wconf 88' lang='lat' dir='ltr'>huiusmo-</span> 
     </span>
     <span class='ocr_line' id='line_1_25' title="bbox 264 1345 1096 1398; baseline -0.002 -17"><span class='ocrx_word' id='word_1_126' title='bbox 264 1345 267 1346; x_wconf 40' lang='lat'><em>⁷</em></span> <span class='ocrx_word' id='word_1_127' title='bbox 298 1359 346 1398; x_wconf 50' lang='grc' dir='ltr'>(Ἢ</span> <span class='ocrx_word' id='word_1_128' title='bbox 359 1351 389 1382; x_wconf 90' lang='lat' dir='ltr'>di</span> <span class='ocrx_word' id='word_1_129' title='bbox 411 1348 642 1381; x_wconf 67' lang='lat' dir='ltr'>invicdabiliter</span> <span class='ocrx_word' id='word_1_130' title='bbox 663 1353 817 1386; x_wconf 85' lang='lat' dir='ltr'>servetur,</span> <span class='ocrx_word' id='word_1_131' title='bbox 836 1347 909 1380; x_wconf 89' lang='lat' dir='ltr'>lieet</span> <span class='ocrx_word' id='word_1_132' title='bbox 935 1347 967 1379; x_wconf 91' lang='lat' dir='ltr'>in</span> <span class='ocrx_word' id='word_1_133' title='bbox 993 1348 1096 1379; x_wconf 86' lang='lat' dir='ltr'>tribus</span> 
     </span>
    </p>

    <p class='ocr_par' dir='ltr' id='par_1_7' title="bbox 276 1399 1097 1496">
     <span class='ocr_line' id='line_1_26' title="bbox 302 1399 1097 1451; baseline -0.001 -18"><span class='ocrx_word' id='word_1_134' title='bbox 302 1402 506 1451; x_wconf 39' lang='lat' dir='ltr'>rigeapitulis</span> <span class='ocrx_word' id='word_1_135' title='bbox 536 1401 745 1443; x_wconf 68' lang='lat' dir='ltr'>generalibus</span> <span class='ocrx_word' id='word_1_136' title='bbox 774 1399 998 1433; x_wconf 73' lang='lat' dir='ltr'>confirmatum</span> <span class='ocrx_word' id='word_1_137' title='bbox 1031 1410 1097 1432; x_wconf 91' lang='lat' dir='ltr'>non</span> 
     </span>
     <span class='ocr_line' id='line_1_27' title="bbox 276 1453 1095 1496; baseline -0.002 -9"><span class='ocrx_word' id='word_1_138' title='bbox 276 1465 292 1477; x_wconf 66' lang='lat'>*¹</span> <span class='ocrx_word' id='word_1_139' title='bbox 319 1455 466 1492; x_wconf 48' lang='lat' dir='ltr'>nusum-ii,</span> <span class='ocrx_word' id='word_1_140' title='bbox 493 1454 667 1496; x_wconf 88' lang='lat' dir='ltr'>plurimum</span> <span class='ocrx_word' id='word_1_141' title='bbox 694 1453 800 1496; x_wconf 85' lang='lat' dir='ltr'>cupiat</span> <span class='ocrx_word' id='word_1_142' title='bbox 832 1453 912 1486; x_wconf 90' lang='lat' dir='ltr'>illud</span> <span class='ocrx_word' id='word_1_143' title='bbox 937 1453 1095 1496; x_wconf 88' lang='lat' dir='ltr'>apostoli-</span> 
     </span>
    </p>
   </div>
   <div class='ocr_carea' id='block_1_6' title="bbox 166 1474 346 1511">
    <p class='ocr_par' dir='ltr' id='par_1_8' title="bbox 166 1474 346 1511">
     <span class='ocr_line' id='line_1_28' title="bbox 166 1474 346 1511; baseline 0.011 -8"><span class='ocrx_word' id='word_1_144' title='bbox 166 1474 258 1511; x_wconf 52' lang='lat' dir='ltr'>(Plufll-tqllt!</span> <span class='ocrx_word' id='word_1_145' title='bbox 279 1491 346 1505; x_wconf 48' lang='lat' dir='ltr'>unul*-</span> 
     </span>
    </p>
   </div>
   <div class='ocr_carea' id='block_1_7' title="bbox 359 1506 1105 2548">
    <p class='ocr_par' dir='ltr' id='par_1_9' title="bbox 359 1506 1105 2548">
     <span class='ocr_line' id='line_1_29' title="bbox 359 1506 1097 1548; baseline -0.003 -8"><span class='ocrx_word' id='word_1_146' title='bbox 359 1518 413 1540; x_wconf 78' lang='lat' dir='ltr'>cae</span> <span class='ocrx_word' id='word_1_147' title='bbox 454 1506 709 1539; x_wconf 68' lang='lat' dir='ltr'>confirmationis</span> <span class='ocrx_word' id='word_1_148' title='bbox 744 1511 877 1538; x_wconf 86' lang='lat' dir='ltr'>nostrae</span> <span class='ocrx_word' id='word_1_149' title='bbox 914 1506 1097 1548; x_wconf 85' lang='lat' dir='ltr'>patrocinio</span> 
     </span>
     <span class='ocr_line' id='line_1_30' title="bbox 359 1558 1100 1601; baseline -0.003 -9"><span class='ocrx_word' id='word_1_150' title='bbox 359 1558 575 1592; x_wconf 82' lang='lat' dir='ltr'>communiri:</span> <span class='ocrx_word' id='word_1_151' title='bbox 602 1569 671 1597; x_wconf 86' lang='lat' dir='ltr'>nos,</span> <span class='ocrx_word' id='word_1_152' title='bbox 685 1558 786 1601; x_wconf 88' lang='lat' dir='ltr'>ipsius</span> <span class='ocrx_word' id='word_1_153' title='bbox 818 1558 993 1591; x_wconf 79' lang='lat' dir='ltr'>Alexandri</span> <span class='ocrx_word' id='word_1_154' title='bbox 1026 1569 1100 1601; x_wconf 89' lang='lat' dir='ltr'>pro-</span> 
     </span>
     <span class='ocr_line' id='line_1_31' title="bbox 360 1610 1100 1653; baseline -0.001 -10"><span class='ocrx_word' id='word_1_155' title='bbox 360 1611 518 1644; x_wconf 75' lang='lat' dir='ltr'>curatoris</span> <span class='ocrx_word' id='word_1_156' title='bbox 536 1610 699 1653; x_wconf 68' lang='lat' dir='ltr'>generalis</span> <span class='ocrx_word' id='word_1_157' title='bbox 717 1611 799 1643; x_wconf 86' lang='lat' dir='ltr'>votis</span> <span class='ocrx_word' id='word_1_158' title='bbox 820 1611 881 1643; x_wconf 88' lang='lat' dir='ltr'>bae</span> <span class='ocrx_word' id='word_1_159' title='bbox 898 1610 931 1642; x_wconf 89' lang='lat' dir='ltr'>in</span> <span class='ocrx_word' id='word_1_160' title='bbox 949 1621 983 1643; x_wconf 85' lang='lat' dir='ltr'>re</span> <span class='ocrx_word' id='word_1_161' title='bbox 1003 1621 1100 1653; x_wconf 87' lang='lat' dir='ltr'>qnan-</span> 
     </span>
     <span class='ocr_line' id='line_1_32' title="bbox 361 1663 1100 1706; baseline -0.001 -10"><span class='ocrx_word' id='word_1_162' title='bbox 361 1670 425 1696; x_wconf 86' lang='lat' dir='ltr'>tum</span> <span class='ocrx_word' id='word_1_163' title='bbox 450 1674 522 1695; x_wconf 89' lang='lat' dir='ltr'>cum</span> <span class='ocrx_word' id='word_1_164' title='bbox 541 1663 677 1696; x_wconf 89' lang='lat' dir='ltr'>Domino</span> <span class='ocrx_word' id='word_1_165' title='bbox 695 1673 863 1706; x_wconf 85' lang='lat' dir='ltr'>possumus</span> <span class='ocrx_word' id='word_1_166' title='bbox 882 1663 1100 1696; x_wconf 85' lang='lat' dir='ltr'>favorabiliter</span> 
     </span>
     <span class='ocr_line' id='line_1_33' title="bbox 361 1716 1098 1759; baseline 0.001 -11"><span class='ocrx_word' id='word_1_167' title='bbox 361 1727 502 1749; x_wconf 84' lang='lat' dir='ltr'>annuere</span> <span class='ocrx_word' id='word_1_168' title='bbox 534 1717 691 1754; x_wconf 78' lang='lat' dir='ltr'>volentes,</span> <span class='ocrx_word' id='word_1_169' title='bbox 717 1726 855 1758; x_wconf 85' lang='lat' dir='ltr'>eumque</span> <span class='ocrx_word' id='word_1_170' title='bbox 889 1727 905 1748; x_wconf 83' lang='lat' dir='ltr'>a</span> <span class='ocrx_word' id='word_1_171' title='bbox 934 1716 1098 1759; x_wconf 86' lang='lat' dir='ltr'>quibusvis</span> 
     </span>
     <span class='ocr_line' id='line_1_34' title="bbox 362 1769 1100 1812; baseline -0.001 -10"><span class='ocrx_word' id='word_1_172' title='bbox 362 1769 719 1807; x_wconf 67' lang='lat' dir='ltr'>exeomnumieationis,</span> <span class='ocrx_word' id='word_1_173' title='bbox 746 1769 970 1812; x_wconf 69' lang='lat' dir='ltr'>suspensionis</span> <span class='ocrx_word' id='word_1_174' title='bbox 997 1774 1028 1801; x_wconf 87' lang='lat' dir='ltr'>et</span> <span class='ocrx_word' id='word_1_175' title='bbox 1053 1770 1100 1801; x_wconf 92' lang='lat' dir='ltr'>in-</span> 
     </span>
     <span class='ocr_line' id='line_1_35' title="bbox 362 1821 1098 1864; baseline 0 -10"><span class='ocrx_word' id='word_1_176' title='bbox 362 1822 499 1859; x_wconf 82' lang='lat' dir='ltr'>terdicti,</span> <span class='ocrx_word' id='word_1_177' title='bbox 517 1822 651 1864; x_wconf 85' lang='lat' dir='ltr'>aliisque</span> <span class='ocrx_word' id='word_1_178' title='bbox 670 1821 897 1854; x_wconf 81' lang='lat' dir='ltr'>ecclesiasticis</span> <span class='ocrx_word' id='word_1_179' title='bbox 915 1822 1098 1860; x_wconf 70' lang='lat' dir='ltr'>sententiis,</span> 
     </span>
     <span class='ocr_line' id='line_1_36' title="bbox 362 1873 1100 1916; baseline 0 -10"><span class='ocrx_word' id='word_1_180' title='bbox 362 1874 507 1907; x_wconf 74' lang='lat' dir='ltr'>censuris</span> <span class='ocrx_word' id='word_1_181' title='bbox 533 1879 565 1906; x_wconf 87' lang='lat' dir='ltr'>et</span> <span class='ocrx_word' id='word_1_182' title='bbox 588 1873 718 1916; x_wconf 80' lang='lat' dir='ltr'>poenis,</span> <span class='ocrx_word' id='word_1_183' title='bbox 745 1884 762 1905; x_wconf 86' lang='lat' dir='ltr'>a</span> <span class='ocrx_word' id='word_1_184' title='bbox 786 1874 855 1907; x_wconf 89' lang='lat' dir='ltr'>iure</span> <span class='ocrx_word' id='word_1_185' title='bbox 874 1875 923 1907; x_wconf 88' lang='lat' dir='ltr'>vel</span> <span class='ocrx_word' id='word_1_186' title='bbox 940 1875 980 1907; x_wconf 88' lang='lat' dir='ltr'>ab</span> <span class='ocrx_word' id='word_1_187' title='bbox 999 1875 1100 1907; x_wconf 86' lang='lat' dir='ltr'>homi-</span> 
     </span>
     <span class='ocr_line' id='line_1_37' title="bbox 361 1928 1099 1970; baseline 0.001 -10"><span class='ocrx_word' id='word_1_188' title='bbox 361 1939 411 1963; x_wconf 70' lang='lat' dir='ltr'>ne,</span> <span class='ocrx_word' id='word_1_189' title='bbox 437 1928 546 1970; x_wconf 72' lang='lat' dir='ltr'>quavis</span> <span class='ocrx_word' id='word_1_190' title='bbox 573 1928 743 1960; x_wconf 77' lang='lat' dir='ltr'>occasione</span> <span class='ocrx_word' id='word_1_191' title='bbox 769 1929 817 1960; x_wconf 86' lang='lat' dir='ltr'>vel</span> <span class='ocrx_word' id='word_1_192' title='bbox 843 1930 938 1960; x_wconf 78' lang='lat' dir='ltr'>eausa</span> <span class='ocrx_word' id='word_1_193' title='bbox 962 1929 1048 1968; x_wconf 84' lang='lat' dir='ltr'>latis,</span> <span class='ocrx_word' id='word_1_194' title='bbox 1075 1929 1099 1961; x_wconf 90' lang='lat' dir='ltr'>si</span> 
     </span>
     <span class='ocr_line' id='line_1_38' title="bbox 362 1981 1099 2023; baseline 0.003 -12"><span class='ocrx_word' id='word_1_195' title='bbox 362 1981 476 2023; x_wconf 80' lang='lat' dir='ltr'>quilms</span> <span class='ocrx_word' id='word_1_196' title='bbox 502 1981 749 2023; x_wconf 76' lang='lat' dir='ltr'>quomodolibet</span> <span class='ocrx_word' id='word_1_197' title='bbox 779 1981 953 2013; x_wconf 88' lang='lat' dir='ltr'>innodatus</span> <span class='ocrx_word' id='word_1_198' title='bbox 982 1982 1099 2021; x_wconf 75' lang='lat' dir='ltr'>existit,</span> 
     </span>
     <span class='ocr_line' id='line_1_39' title="bbox 362 2032 1101 2074; baseline 0.004 -11"><span class='ocrx_word' id='word_1_199' title='bbox 362 2033 400 2064; x_wconf 88' lang='lat' dir='ltr'>ad</span> <span class='ocrx_word' id='word_1_200' title='bbox 427 2032 575 2064; x_wconf 76' lang='lat' dir='ltr'>etl‘eetum</span> <span class='ocrx_word' id='word_1_201' title='bbox 602 2033 821 2074; x_wconf 84' lang='lat' dir='ltr'>praesentium</span> <span class='ocrx_word' id='word_1_202' title='bbox 843 2033 1008 2065; x_wconf 81' lang='lat' dir='ltr'>dumtaxat</span> <span class='ocrx_word' id='word_1_203' title='bbox 1025 2044 1101 2066; x_wconf 85' lang='lat' dir='ltr'>con-</span> 
     </span>
     <span class='ocr_line' id='line_1_40' title="bbox 362 2085 1101 2127; baseline 0.003 -11"><span class='ocrx_word' id='word_1_204' title='bbox 362 2085 576 2127; x_wconf 71' lang='lat' dir='ltr'>sequendum,</span> <span class='ocrx_word' id='word_1_205' title='bbox 598 2085 711 2117; x_wconf 78' lang='lat' dir='ltr'>barum</span> <span class='ocrx_word' id='word_1_206' title='bbox 736 2085 820 2117; x_wconf 87' lang='lat' dir='ltr'>serie</span> <span class='ocrx_word' id='word_1_207' title='bbox 846 2086 1052 2118; x_wconf 69' lang='lat' dir='ltr'>absolventes</span> <span class='ocrx_word' id='word_1_208' title='bbox 1070 2091 1101 2118; x_wconf 82' lang='lat' dir='ltr'>et</span> 
     </span>
     <span class='ocr_line' id='line_1_41' title="bbox 363 2137 1102 2181; baseline 0.003 -13"><span class='ocrx_word' id='word_1_209' title='bbox 363 2138 546 2169; x_wconf 70' lang='lat' dir='ltr'>absoluturi]</span> <span class='ocrx_word' id='word_1_210' title='bbox 576 2137 641 2169; x_wconf 78' lang='lat' dir='ltr'>sore</span> <span class='ocrx_word' id='word_1_211' title='bbox 658 2143 840 2177; x_wconf 84' lang='lat' dir='ltr'>censentes,</span> <span class='ocrx_word' id='word_1_212' title='bbox 858 2139 1102 2181; x_wconf 82' lang='lat' dir='ltr'>supplicationi-</span> 
     </span>
     <span class='ocr_line' id='line_1_42' title="bbox 364 2189 1102 2233; baseline 0.001 -12"><span class='ocrx_word' id='word_1_213' title='bbox 364 2191 422 2221; x_wconf 84' lang='lat' dir='ltr'>bus</span> <span class='ocrx_word' id='word_1_214' title='bbox 448 2189 515 2221; x_wconf 79' lang='lat' dir='ltr'>eius</span> <span class='ocrx_word' id='word_1_215' title='bbox 541 2190 672 2222; x_wconf 84' lang='lat' dir='ltr'>noinine</span> <span class='ocrx_word' id='word_1_216' title='bbox 704 2191 799 2223; x_wconf 85' lang='lat' dir='ltr'>nobis</span> <span class='ocrx_word' id='word_1_217' title='bbox 832 2201 929 2233; x_wconf 83' lang='lat' dir='ltr'>super</span> <span class='ocrx_word' id='word_1_218' title='bbox 961 2192 1023 2224; x_wconf 81' lang='lat' dir='ltr'>hoc</span> <span class='ocrx_word' id='word_1_219' title='bbox 1047 2191 1102 2223; x_wconf 87' lang='lat' dir='ltr'>hu-</span> 
     </span>
     <span class='ocr_line' id='line_1_43' title="bbox 365 2241 1102 2283; baseline 0.004 -11"><span class='ocrx_word' id='word_1_220' title='bbox 365 2241 484 2273; x_wconf 85' lang='lat' dir='ltr'>militer</span> <span class='ocrx_word' id='word_1_221' title='bbox 508 2242 666 2283; x_wconf 69' lang='lat' dir='ltr'>porrectis</span> <span class='ocrx_word' id='word_1_222' title='bbox 692 2242 848 2283; x_wconf 86' lang='lat' dir='ltr'>inclinati,</span> <span class='ocrx_word' id='word_1_223' title='bbox 871 2243 910 2275; x_wconf 89' lang='lat' dir='ltr'>de</span> <span class='ocrx_word' id='word_1_224' title='bbox 935 2243 1102 2275; x_wconf 86' lang='lat' dir='ltr'>venerabi-</span> 
     </span>
     <span class='ocr_line' id='line_1_44' title="bbox 366 2294 1103 2328; baseline 0.004 -3"><span class='ocrx_word' id='word_1_225' title='bbox 366 2294 443 2326; x_wconf 89' lang='lat' dir='ltr'>lium</span> <span class='ocrx_word' id='word_1_226' title='bbox 470 2296 601 2325; x_wconf 80' lang='lat' dir='ltr'>t&#39;ratrum</span> <span class='ocrx_word' id='word_1_227' title='bbox 628 2300 815 2327; x_wconf 88' lang='lat' dir='ltr'>nostrorum</span> <span class='ocrx_word' id='word_1_228' title='bbox 840 2295 870 2328; x_wconf 80' lang='lat' dir='ltr'>S.</span> <span class='ocrx_word' id='word_1_229' title='bbox 891 2295 928 2328; x_wconf 78' lang='lat' dir='ltr'>R.</span> <span class='ocrx_word' id='word_1_230' title='bbox 948 2295 982 2327; x_wconf 78' lang='lat' dir='ltr'>E.</span> <span class='ocrx_word' id='word_1_231' title='bbox 1002 2296 1103 2328; x_wconf 84' lang='lat' dir='ltr'>cardi-</span> 
     </span>
     <span class='ocr_line' id='line_1_45' title="bbox 366 2346 1103 2390; baseline 0.004 -13"><span class='ocrx_word' id='word_1_232' title='bbox 366 2347 486 2378; x_wconf 87' lang='lat' dir='ltr'>nalium</span> <span class='ocrx_word' id='word_1_233' title='bbox 519 2346 653 2379; x_wconf 70' lang='lat' dir='ltr'>(lonc-ilii</span> <span class='ocrx_word' id='word_1_234' title='bbox 679 2347 856 2380; x_wconf 85' lang='lat' dir='ltr'>Tridentini</span> <span class='ocrx_word' id='word_1_235' title='bbox 888 2348 1103 2390; x_wconf 79' lang='lat' dir='ltr'>interpretum</span> 
     </span>
     <span class='ocr_line' id='line_1_46' title="bbox 367 2399 1104 2435; baseline 0.007 -6"><span class='ocrx_word' id='word_1_236' title='bbox 367 2399 514 2435; x_wconf 76' lang='lat' dir='ltr'>consilio,</span> <span class='ocrx_word' id='word_1_237' title='bbox 543 2405 573 2431; x_wconf 86' lang='lat' dir='ltr'>et</span> <span class='ocrx_word' id='word_1_238' title='bbox 590 2403 711 2432; x_wconf 74' lang='lat' dir='ltr'>attenta</span> <span class='ocrx_word' id='word_1_239' title='bbox 729 2401 886 2433; x_wconf 73' lang='lat' dir='ltr'>relatione</span> <span class='ocrx_word' id='word_1_240' title='bbox 912 2402 1104 2434; x_wconf 85' lang='lat' dir='ltr'>venerabilis</span> 
     </span>
     <span class='ocr_line' id='line_1_47' title="bbox 368 2452 1105 2497; baseline 0.005 -14"><span class='ocrx_word' id='word_1_241' title='bbox 368 2452 473 2483; x_wconf 77' lang='lat' dir='ltr'>t‘ratris</span> <span class='ocrx_word' id='word_1_242' title='bbox 500 2452 639 2485; x_wconf 72' lang='lat' dir='ltr'>Marcelli</span> <span class='ocrx_word' id='word_1_243' title='bbox 666 2453 904 2497; x_wconf 66' lang='lat' dir='ltr'>arcliiepiseolu</span> <span class='ocrx_word' id='word_1_244' title='bbox 927 2454 1105 2487; x_wconf 79' lang='lat' dir='ltr'>Chalcedo-</span> 
     </span>
     <span class='ocr_line' id='line_1_48' title="bbox 367 2504 1104 2548; baseline 0.004 -13"><span class='ocrx_word' id='word_1_245' title='bbox 367 2504 487 2542; x_wconf 77' lang='lat' dir='ltr'>nensis,</span> <span class='ocrx_word' id='word_1_246' title='bbox 515 2505 545 2535; x_wconf 89' lang='lat' dir='ltr'>in</span> <span class='ocrx_word' id='word_1_247' title='bbox 573 2504 785 2545; x_wconf 62' lang='lat' dir='ltr'>l&#39;ortugalliue</span> <span class='ocrx_word' id='word_1_248' title='bbox 821 2511 851 2537; x_wconf 85' lang='lat' dir='ltr'>et</span> <span class='ocrx_word' id='word_1_249' title='bbox 880 2506 1104 2548; x_wconf 71' lang='lat' dir='ltr'>Algarbiornm</span> 
     </span>
    </p>
   </div>
   <div class='ocr_carea' id='block_1_8' title="bbox 368 2557 1130 2600">
    <p class='ocr_par' dir='ltr' id='par_1_10' title="bbox 368 2557 1130 2600">
     <span class='ocr_line' id='line_1_49' title="bbox 368 2557 1130 2600; baseline 0.004 -11"><span class='ocrx_word' id='word_1_250' title='bbox 368 2557 476 2598; x_wconf 63' lang='lat' dir='ltr'>regnis</span> <span class='ocrx_word' id='word_1_251' title='bbox 502 2557 601 2590; x_wconf 85' lang='lat' dir='ltr'>nostri</span> <span class='ocrx_word' id='word_1_252' title='bbox 629 2563 660 2589; x_wconf 83' lang='lat' dir='ltr'>ct</span> <span class='ocrx_word' id='word_1_253' title='bbox 686 2559 890 2600; x_wconf 75' lang='lat' dir='ltr'>Apostolicae</span> <span class='ocrx_word' id='word_1_254' title='bbox 910 2560 1000 2592; x_wconf 76' lang='lat' dir='ltr'>Sedis</span> <span class='ocrx_word' id='word_1_255' title='bbox 1026 2571 1130 2599; x_wconf 82' lang='lat' dir='ltr'>nun-,</span> 
     </span>
    </p>
   </div>
   <div class='ocr_carea' id='block_1_9' title="bbox 1118 1250 1123 1892">
    <p class='ocr_par' dir='ltr' id='par_1_11' title="bbox 1118 1250 1123 1892">
     <span class='ocr_line' id='line_1_50' title="bbox 1118 1250 1123 1892; baseline 0 0"><span class='ocrx_word' id='word_1_256' title='bbox 1118 1250 1123 1892; x_wconf 95' lang='lat' dir='ltr'> </span> 
     </span>
    </p>
   </div>
   <div class='ocr_carea' id='block_1_10' title="bbox 1135 275 2061 333">
    <p class='ocr_par' dir='ltr' id='par_1_12' title="bbox 1135 275 2061 333">
     <span class='ocr_line' id='line_1_51' title="bbox 1135 275 2061 333; baseline 0.002 -11"><span class='ocrx_word' id='word_1_257' title='bbox 1135 290 1178 323; x_wconf 90' lang='lat' dir='ltr'>sis</span> <span class='ocrx_word' id='word_1_258' title='bbox 1197 291 1285 329; x_wconf 80' lang='lat' dir='ltr'>facta,</span> <span class='ocrx_word' id='word_1_259' title='bbox 1302 295 1335 322; x_wconf 87' lang='lat' dir='ltr'>ut</span> <span class='ocrx_word' id='word_1_260' title='bbox 1353 290 1384 322; x_wconf 91' lang='lat' dir='ltr'>in</span> <span class='ocrx_word' id='word_1_261' title='bbox 1402 295 1567 333; x_wconf 84' lang='lat' dir='ltr'>posterum</span> <span class='ocrx_word' id='word_1_262' title='bbox 1593 290 1631 322; x_wconf 89' lang='lat' dir='ltr'>ad</span> <span class='ocrx_word' id='word_1_263' title='bbox 1658 290 1775 322; x_wconf 87' lang='lat' dir='ltr'>dictam</span> <span class='ocrx_word' id='word_1_264' title='bbox 1792 275 2061 324; x_wconf 53' lang='lat' dir='ltr'>Con-iiiiH&#39;iiessiiii&#39;niiif</span> 
     </span>
    </p>
   </div>
   <div class='ocr_carea' id='block_1_11' title="bbox 1135 333 2066 2444">
    <p class='ocr_par' dir='ltr' id='par_1_13' title="bbox 1135 333 1926 697">
     <span class='ocr_line' id='line_1_52' title="bbox 1136 333 1926 386; baseline 0 -11"><span class='ocrx_word' id='word_1_265' title='bbox 1136 344 1357 386; x_wconf 79' lang='lat' dir='ltr'>gregationem</span> <span class='ocrx_word' id='word_1_266' title='bbox 1382 342 1573 375; x_wconf 81' lang='lat' dir='ltr'>admittendi</span> <span class='ocrx_word' id='word_1_267' title='bbox 1596 348 1702 375; x_wconf 90' lang='lat' dir='ltr'>votum</span> <span class='ocrx_word' id='word_1_268' title='bbox 1727 352 1791 375; x_wconf 92' lang='lat' dir='ltr'>non</span> <span class='ocrx_word' id='word_1_269' title='bbox 1816 333 1926 375; x_wconf 65' lang='lat' dir='ltr'>lia-⁰⁰⁵⁸</span> 
     </span>
     <span class='ocr_line' id='line_1_53' title="bbox 1135 395 1871 438; baseline -0.001 -9"><span class='ocrx_word' id='word_1_270' title='bbox 1135 396 1234 429; x_wconf 88' lang='lat' dir='ltr'>beant</span> <span class='ocrx_word' id='word_1_271' title='bbox 1257 396 1318 429; x_wconf 89' lang='lat' dir='ltr'>nisi</span> <span class='ocrx_word' id='word_1_272' title='bbox 1344 397 1474 438; x_wconf 86' lang='lat' dir='ltr'>expleto</span> <span class='ocrx_word' id='word_1_273' title='bbox 1500 395 1658 428; x_wconf 84' lang='lat' dir='ltr'>decennio</span> <span class='ocrx_word' id='word_1_274' title='bbox 1676 400 1750 438; x_wconf 90' lang='lat' dir='ltr'>post</span> <span class='ocrx_word' id='word_1_275' title='bbox 1774 395 1871 428; x_wconf 89' lang='lat' dir='ltr'>emis-</span> 
     </span>
     <span class='ocr_line' id='line_1_54' title="bbox 1135 449 1873 493; baseline -0.001 -11"><span class='ocrx_word' id='word_1_276' title='bbox 1135 460 1201 486; x_wconf 80' lang='lat' dir='ltr'>sam</span> <span class='ocrx_word' id='word_1_277' title='bbox 1227 449 1477 493; x_wconf 76' lang='lat' dir='ltr'>professionem,</span> <span class='ocrx_word' id='word_1_278' title='bbox 1501 449 1692 481; x_wconf 86' lang='lat' dir='ltr'>auctoritate</span> <span class='ocrx_word' id='word_1_279' title='bbox 1717 449 1873 491; x_wconf 84' lang='lat' dir='ltr'>apostoli-</span> 
     </span>
     <span class='ocr_line' id='line_1_55' title="bbox 1136 502 1874 545; baseline -0.003 -9"><span class='ocrx_word' id='word_1_280' title='bbox 1136 505 1180 541; x_wconf 77' lang='lat' dir='ltr'>ca,</span> <span class='ocrx_word' id='word_1_281' title='bbox 1207 508 1319 536; x_wconf 87' lang='lat' dir='ltr'>tenore</span> <span class='ocrx_word' id='word_1_282' title='bbox 1351 502 1584 545; x_wconf 86' lang='lat' dir='ltr'>praesentium,</span> <span class='ocrx_word' id='word_1_283' title='bbox 1609 502 1817 535; x_wconf 79' lang='lat' dir='ltr'>concedimus</span> <span class='ocrx_word' id='word_1_284' title='bbox 1841 507 1874 534; x_wconf 88' lang='lat' dir='ltr'>et</span> 
     </span>
     <span class='ocr_line' id='line_1_56' title="bbox 1135 554 1873 598; baseline -0.001 -10"><span class='ocrx_word' id='word_1_285' title='bbox 1135 556 1356 597; x_wconf 45' lang='lat' dir='ltr'>indulgemus</span> <span class='ocrx_word' id='word_1_286' title='bbox 1372 556 1457 588; x_wconf 78' lang='lat' dir='ltr'>salva</span> <span class='ocrx_word' id='word_1_287' title='bbox 1477 560 1583 588; x_wconf 83' lang='lat' dir='ltr'>tamen</span> <span class='ocrx_word' id='word_1_288' title='bbox 1597 565 1726 598; x_wconf 89' lang='lat' dir='ltr'>semper</span> <span class='ocrx_word' id='word_1_289' title='bbox 1738 554 1771 587; x_wconf 90' lang='lat' dir='ltr'>in</span> <span class='ocrx_word' id='word_1_290' title='bbox 1784 565 1873 597; x_wconf 88' lang='lat' dir='ltr'>prae-</span> 
     </span>
     <span class='ocr_line' id='line_1_57' title="bbox 1136 607 1874 650; baseline -0.003 -9"><span class='ocrx_word' id='word_1_291' title='bbox 1136 608 1242 641; x_wconf 85' lang='lat' dir='ltr'>missis</span> <span class='ocrx_word' id='word_1_292' title='bbox 1262 607 1452 641; x_wconf 84' lang='lat' dir='ltr'>auetoritate</span> <span class='ocrx_word' id='word_1_293' title='bbox 1466 607 1736 650; x_wconf 81' lang='lat' dir='ltr'>Congregationis</span> <span class='ocrx_word' id='word_1_294' title='bbox 1752 617 1874 640; x_wconf 89' lang='lat' dir='ltr'>memo-</span> 
     </span>
     <span class='ocr_line' id='line_1_58' title="bbox 1136 660 1527 697; baseline -0.005 -4"><span class='ocrx_word' id='word_1_295' title='bbox 1136 666 1279 694; x_wconf 84' lang='lat' dir='ltr'>ratorum</span> <span class='ocrx_word' id='word_1_296' title='bbox 1303 660 1527 697; x_wconf 80' lang='lat' dir='ltr'>cardinalium.</span> 
     </span>
    </p>

    <p class='ocr_par' dir='ltr' id='par_1_14' title="bbox 1137 713 2028 1388">
     <span class='ocr_line' id='line_1_59' title="bbox 1180 713 2028 757; baseline -0.002 -11"><span class='ocrx_word' id='word_1_297' title='bbox 1180 714 1246 757; x_wconf 55' lang='lat' dir='ltr'>§PL</span> <span class='ocrx_word' id='word_1_298' title='bbox 1283 714 1504 746; x_wconf 82' lang='lat' dir='ltr'>Decernentes</span> <span class='ocrx_word' id='word_1_299' title='bbox 1528 713 1656 746; x_wconf 88' lang='lat' dir='ltr'>easdem</span> <span class='ocrx_word' id='word_1_300' title='bbox 1681 717 1873 756; x_wconf 82' lang='lat' dir='ltr'>praesentes</span> <span class='ocrx_word' id='word_1_301' title='bbox 1911 720 2028 744; x_wconf 69' lang='lat' dir='ltr'>Clausulas.</span> 
     </span>
     <span class='ocr_line' id='line_1_60' title="bbox 1137 764 1875 809; baseline 0 -11"><span class='ocrx_word' id='word_1_302' title='bbox 1137 766 1260 799; x_wconf 85' lang='lat' dir='ltr'>litteras</span> <span class='ocrx_word' id='word_1_303' title='bbox 1285 776 1415 809; x_wconf 86' lang='lat' dir='ltr'>semper</span> <span class='ocrx_word' id='word_1_304' title='bbox 1438 764 1557 805; x_wconf 81' lang='lat' dir='ltr'>sirmas,</span> <span class='ocrx_word' id='word_1_305' title='bbox 1576 765 1698 798; x_wconf 87' lang='lat' dir='ltr'>validas</span> <span class='ocrx_word' id='word_1_306' title='bbox 1715 770 1747 798; x_wconf 89' lang='lat' dir='ltr'>et</span> <span class='ocrx_word' id='word_1_307' title='bbox 1770 765 1875 798; x_wconf 82' lang='lat' dir='ltr'>effica-</span> 
     </span>
     <span class='ocr_line' id='line_1_61' title="bbox 1138 818 1874 861; baseline -0.001 -10"><span class='ocrx_word' id='word_1_308' title='bbox 1138 830 1189 852; x_wconf 88' lang='lat' dir='ltr'>ces</span> <span class='ocrx_word' id='word_1_309' title='bbox 1215 819 1353 851; x_wconf 82' lang='lat' dir='ltr'>existere</span> <span class='ocrx_word' id='word_1_310' title='bbox 1382 824 1414 851; x_wconf 85' lang='lat' dir='ltr'>et</span> <span class='ocrx_word' id='word_1_311' title='bbox 1438 818 1515 858; x_wconf 82' lang='lat' dir='ltr'>sore,</span> <span class='ocrx_word' id='word_1_312' title='bbox 1542 828 1684 861; x_wconf 87' lang='lat' dir='ltr'>suosque</span> <span class='ocrx_word' id='word_1_313' title='bbox 1708 818 1874 861; x_wconf 86' lang='lat' dir='ltr'>plenarios</span> 
     </span>
     <span class='ocr_line' id='line_1_62' title="bbox 1138 870 1875 913; baseline -0.001 -9"><span class='ocrx_word' id='word_1_314' title='bbox 1138 877 1168 904; x_wconf 89' lang='lat' dir='ltr'>et</span> <span class='ocrx_word' id='word_1_315' title='bbox 1192 872 1337 913; x_wconf 71' lang='lat' dir='ltr'>integros</span> <span class='ocrx_word' id='word_1_316' title='bbox 1363 870 1496 904; x_wconf 74' lang='lat' dir='ltr'>effectus</span> <span class='ocrx_word' id='word_1_317' title='bbox 1521 871 1628 904; x_wconf 91' lang='lat' dir='ltr'>sortiri</span> <span class='ocrx_word' id='word_1_318' title='bbox 1654 876 1686 903; x_wconf 87' lang='lat' dir='ltr'>et</span> <span class='ocrx_word' id='word_1_319' title='bbox 1714 870 1875 910; x_wconf 85' lang='lat' dir='ltr'>obtinere,</span> 
     </span>
     <span class='ocr_line' id='line_1_63' title="bbox 1138 923 1875 967; baseline 0 -11"><span class='ocrx_word' id='word_1_320' title='bbox 1138 935 1173 956; x_wconf 91' lang='lat' dir='ltr'>ae</span> <span class='ocrx_word' id='word_1_321' title='bbox 1197 925 1236 957; x_wconf 85' lang='lat' dir='ltr'>ab</span> <span class='ocrx_word' id='word_1_322' title='bbox 1261 923 1334 963; x_wconf 91' lang='lat' dir='ltr'>illis,</span> <span class='ocrx_word' id='word_1_323' title='bbox 1349 924 1389 956; x_wconf 90' lang='lat' dir='ltr'>ad</span> <span class='ocrx_word' id='word_1_324' title='bbox 1414 934 1494 967; x_wconf 87' lang='lat' dir='ltr'>quos</span> <span class='ocrx_word' id='word_1_325' title='bbox 1521 928 1644 966; x_wconf 88' lang='lat' dir='ltr'>spectat</span> <span class='ocrx_word' id='word_1_326' title='bbox 1668 928 1699 957; x_wconf 88' lang='lat' dir='ltr'>et</span> <span class='ocrx_word' id='word_1_327' title='bbox 1714 934 1772 967; x_wconf 91' lang='lat' dir='ltr'>pro</span> <span class='ocrx_word' id='word_1_328' title='bbox 1793 928 1875 956; x_wconf 89' lang='lat' dir='ltr'>tem-</span> 
     </span>
     <span class='ocr_line' id='line_1_64' title="bbox 1139 976 1872 1020; baseline 0 -11"><span class='ocrx_word' id='word_1_329' title='bbox 1139 987 1217 1020; x_wconf 90' lang='lat' dir='ltr'>pore</span> <span class='ocrx_word' id='word_1_330' title='bbox 1242 976 1667 1020; x_wconf 86' lang='lat' dir='ltr'>spectabit,inviolabiliter</span> <span class='ocrx_word' id='word_1_331' title='bbox 1691 976 1872 1017; x_wconf 86' lang='lat' dir='ltr'>observari,</span> 
     </span>
     <span class='ocr_line' id='line_1_65' title="bbox 1138 1029 1875 1072; baseline 0 -11"><span class='ocrx_word' id='word_1_332' title='bbox 1138 1030 1249 1072; x_wconf 78' lang='lat' dir='ltr'>sieque</span> <span class='ocrx_word' id='word_1_333' title='bbox 1286 1030 1319 1062; x_wconf 92' lang='lat' dir='ltr'>in</span> <span class='ocrx_word' id='word_1_334' title='bbox 1354 1029 1541 1072; x_wconf 83' lang='lat' dir='ltr'>praemissis</span> <span class='ocrx_word' id='word_1_335' title='bbox 1566 1040 1626 1072; x_wconf 86' lang='lat' dir='ltr'>per</span> <span class='ocrx_word' id='word_1_336' title='bbox 1657 1039 1875 1072; x_wconf 83' lang='lat' dir='ltr'>quoscumque</span> 
     </span>
     <span class='ocr_line' id='line_1_66' title="bbox 1139 1081 1875 1123; baseline 0.001 -10"><span class='ocrx_word' id='word_1_337' title='bbox 1139 1082 1260 1114; x_wconf 83' lang='lat' dir='ltr'>iudices</span> <span class='ocrx_word' id='word_1_338' title='bbox 1296 1081 1477 1115; x_wconf 88' lang='lat' dir='ltr'>ordinarios</span> <span class='ocrx_word' id='word_1_339' title='bbox 1513 1087 1545 1114; x_wconf 91' lang='lat' dir='ltr'>et</span> <span class='ocrx_word' id='word_1_340' title='bbox 1565 1082 1743 1123; x_wconf 76' lang='lat' dir='ltr'>dele-gatos,</span> <span class='ocrx_word' id='word_1_341' title='bbox 1779 1081 1875 1114; x_wconf 87' lang='lat' dir='ltr'>etiam</span> 
     </span>
     <span class='ocr_line' id='line_1_67' title="bbox 1139 1133 1875 1177; baseline -0.001 -11"><span class='ocrx_word' id='word_1_342' title='bbox 1139 1145 1306 1166; x_wconf 87' lang='lat' dir='ltr'>causarum</span> <span class='ocrx_word' id='word_1_343' title='bbox 1340 1134 1453 1177; x_wconf 89' lang='lat' dir='ltr'>palatii</span> <span class='ocrx_word' id='word_1_344' title='bbox 1489 1133 1656 1177; x_wconf 84' lang='lat' dir='ltr'>apostolici</span> <span class='ocrx_word' id='word_1_345' title='bbox 1693 1133 1875 1174; x_wconf 82' lang='lat' dir='ltr'>auditores,</span> 
     </span>
     <span class='ocr_line' id='line_1_68' title="bbox 1139 1186 1878 1227; baseline 0 -8"><span class='ocrx_word' id='word_1_346' title='bbox 1139 1187 1272 1220; x_wconf 89' lang='lat' dir='ltr'>indicari</span> <span class='ocrx_word' id='word_1_347' title='bbox 1297 1192 1329 1219; x_wconf 78' lang='lat' dir='ltr'>et</span> <span class='ocrx_word' id='word_1_348' title='bbox 1353 1186 1482 1219; x_wconf 85' lang='lat' dir='ltr'>definiri</span> <span class='ocrx_word' id='word_1_349' title='bbox 1508 1187 1627 1219; x_wconf 88' lang='lat' dir='ltr'>debere</span> <span class='ocrx_word' id='word_1_350' title='bbox 1643 1213 1650 1227; x_wconf 87' lang='lat'><strong>‚</strong></span> <span class='ocrx_word' id='word_1_351' title='bbox 1685 1197 1721 1219; x_wconf 91' lang='lat' dir='ltr'>ac</span> <span class='ocrx_word' id='word_1_352' title='bbox 1749 1186 1878 1219; x_wconf 88' lang='lat' dir='ltr'>irritum</span> 
     </span>
     <span class='ocr_line' id='line_1_69' title="bbox 1140 1239 1876 1282; baseline -0.001 -10"><span class='ocrx_word' id='word_1_353' title='bbox 1140 1246 1171 1272; x_wconf 89' lang='lat' dir='ltr'>et</span> <span class='ocrx_word' id='word_1_354' title='bbox 1196 1241 1291 1272; x_wconf 90' lang='lat' dir='ltr'>inane</span> <span class='ocrx_word' id='word_1_355' title='bbox 1316 1240 1342 1271; x_wconf 86' lang='lat' dir='ltr'>si</span> <span class='ocrx_word' id='word_1_356' title='bbox 1363 1250 1452 1272; x_wconf 87' lang='lat' dir='ltr'>secus</span> <span class='ocrx_word' id='word_1_357' title='bbox 1480 1249 1578 1282; x_wconf 86' lang='lat' dir='ltr'>super</span> <span class='ocrx_word' id='word_1_358' title='bbox 1595 1239 1646 1272; x_wconf 91' lang='lat' dir='ltr'>his</span> <span class='ocrx_word' id='word_1_359' title='bbox 1668 1249 1685 1271; x_wconf 87' lang='lat' dir='ltr'>a</span> <span class='ocrx_word' id='word_1_360' title='bbox 1703 1249 1876 1282; x_wconf 85' lang='lat' dir='ltr'>quoquam,</span> 
     </span>
     <span class='ocr_line' id='line_1_70' title="bbox 1141 1292 1878 1336; baseline 0.001 -13"><span class='ocrx_word' id='word_1_361' title='bbox 1141 1292 1249 1336; x_wconf 79' lang='lat' dir='ltr'>quavis</span> <span class='ocrx_word' id='word_1_362' title='bbox 1274 1292 1478 1331; x_wconf 84' lang='lat' dir='ltr'>auctoritate,</span> <span class='ocrx_word' id='word_1_363' title='bbox 1497 1292 1636 1324; x_wconf 85' lang='lat' dir='ltr'>scienter</span> <span class='ocrx_word' id='word_1_364' title='bbox 1659 1292 1709 1325; x_wconf 88' lang='lat' dir='ltr'>vel</span> <span class='ocrx_word' id='word_1_365' title='bbox 1727 1292 1878 1335; x_wconf 82' lang='lat' dir='ltr'>ignoran-</span> 
     </span>
     <span class='ocr_line' id='line_1_71' title="bbox 1140 1345 1588 1388; baseline -0.004 -10"><span class='ocrx_word' id='word_1_366' title='bbox 1140 1351 1199 1386; x_wconf 77' lang='lat' dir='ltr'>ter,</span> <span class='ocrx_word' id='word_1_367' title='bbox 1224 1345 1398 1388; x_wconf 78' lang='lat' dir='ltr'>eontigerit</span> <span class='ocrx_word' id='word_1_368' title='bbox 1423 1345 1588 1377; x_wconf 83' lang='lat' dir='ltr'>attentari.</span> 
     </span>
    </p>

    <p class='ocr_par' dir='ltr' id='par_1_15' title="bbox 1140 1397 2066 2286">
     <span class='ocr_line' id='line_1_72' title="bbox 1184 1397 2066 1442; baseline -0.003 -11"><span class='ocrx_word' id='word_1_369' title='bbox 1184 1400 1198 1442; x_wconf 64' lang='grc' dir='ltr'><strong>ἓ</strong></span> <span class='ocrx_word' id='word_1_370' title='bbox 1222 1399 1253 1431; x_wconf 65' lang='lat' dir='ltr'>li.</span> <span class='ocrx_word' id='word_1_371' title='bbox 1281 1399 1351 1431; x_wconf 89' lang='lat' dir='ltr'>Non</span> <span class='ocrx_word' id='word_1_372' title='bbox 1376 1398 1582 1431; x_wconf 86' lang='lat' dir='ltr'>obstantibus</span> <span class='ocrx_word' id='word_1_373' title='bbox 1606 1397 1810 1441; x_wconf 84' lang='lat' dir='ltr'>praemissis,</span> <span class='ocrx_word' id='word_1_374' title='bbox 1841 1403 2066 1431; x_wconf 73' lang='lat' dir='ltr'>acvbstautiatonit.</span> 
     </span>
     <span class='ocr_line' id='line_1_73' title="bbox 1140 1451 1880 1494; baseline -0.003 -9"><span class='ocrx_word' id='word_1_375' title='bbox 1140 1452 1427 1485; x_wconf 85' lang='lat' dir='ltr'>constitutionibus</span> <span class='ocrx_word' id='word_1_376' title='bbox 1460 1456 1491 1484; x_wconf 90' lang='lat' dir='ltr'>et</span> <span class='ocrx_word' id='word_1_377' title='bbox 1519 1451 1777 1484; x_wconf 86' lang='lat' dir='ltr'>ordinationibus</span> <span class='ocrx_word' id='word_1_378' title='bbox 1803 1461 1880 1494; x_wconf 88' lang='lat' dir='ltr'>apo-</span> 
     </span>
     <span class='ocr_line' id='line_1_74' title="bbox 1141 1503 1879 1546; baseline -0.001 -9"><span class='ocrx_word' id='word_1_379' title='bbox 1141 1505 1279 1543; x_wconf 78' lang='lat' dir='ltr'>stolicis,</span> <span class='ocrx_word' id='word_1_380' title='bbox 1314 1514 1440 1536; x_wconf 84' lang='lat' dir='ltr'>necnon</span> <span class='ocrx_word' id='word_1_381' title='bbox 1478 1503 1583 1536; x_wconf 86' lang='lat' dir='ltr'>dictae</span> <span class='ocrx_word' id='word_1_382' title='bbox 1617 1503 1879 1546; x_wconf 77' lang='lat' dir='ltr'>Congregationis</span> 
     </span>
     <span class='ocr_line' id='line_1_75' title="bbox 1141 1556 1880 1598; baseline -0.003 -8"><span class='ocrx_word' id='word_1_383' title='bbox 1141 1558 1240 1590; x_wconf 75' lang='lat' dir='ltr'>saneti</span> <span class='ocrx_word' id='word_1_384' title='bbox 1266 1557 1395 1589; x_wconf 87' lang='lat' dir='ltr'>loannis</span> <span class='ocrx_word' id='word_1_385' title='bbox 1420 1556 1655 1598; x_wconf 84' lang='lat' dir='ltr'>Evangelistae,</span> <span class='ocrx_word' id='word_1_386' title='bbox 1677 1556 1771 1589; x_wconf 83' lang='lat' dir='ltr'>etiam</span> <span class='ocrx_word' id='word_1_387' title='bbox 1795 1556 1880 1588; x_wconf 86' lang='lat' dir='ltr'>iura-</span> 
     </span>
     <span class='ocr_line' id='line_1_76' title="bbox 1140 1608 1880 1651; baseline -0.003 -9"><span class='ocrx_word' id='word_1_388' title='bbox 1140 1615 1258 1650; x_wconf 86' lang='lat' dir='ltr'>mento,</span> <span class='ocrx_word' id='word_1_389' title='bbox 1273 1609 1518 1641; x_wconf 79' lang='lat' dir='ltr'>confirmatione</span> <span class='ocrx_word' id='word_1_390' title='bbox 1536 1608 1725 1651; x_wconf 75' lang='lat' dir='ltr'>apostolica,</span> <span class='ocrx_word' id='word_1_391' title='bbox 1739 1609 1790 1641; x_wconf 78' lang='lat' dir='ltr'>vel</span> <span class='ocrx_word' id='word_1_392' title='bbox 1809 1619 1880 1651; x_wconf 90' lang='lat' dir='ltr'>qua-</span> 
     </span>
     <span class='ocr_line' id='line_1_77' title="bbox 1140 1661 1881 1701; baseline -0.004 -5"><span class='ocrx_word' id='word_1_393' title='bbox 1140 1664 1186 1696; x_wconf 86' lang='lat' dir='ltr'>vis</span> <span class='ocrx_word' id='word_1_394' title='bbox 1218 1663 1367 1695; x_wconf 80' lang='lat' dir='ltr'>firmitate</span> <span class='ocrx_word' id='word_1_395' title='bbox 1403 1663 1465 1696; x_wconf 80' lang='lat' dir='ltr'>alia</span> <span class='ocrx_word' id='word_1_396' title='bbox 1495 1662 1666 1701; x_wconf 85' lang='lat' dir='ltr'>roboratis,</span> <span class='ocrx_word' id='word_1_397' title='bbox 1691 1661 1816 1694; x_wconf 87' lang='lat' dir='ltr'>statutis</span> <span class='ocrx_word' id='word_1_398' title='bbox 1849 1666 1881 1693; x_wconf 88' lang='lat' dir='ltr'>et</span> 
     </span>
     <span class='ocr_line' id='line_1_78' title="bbox 1141 1714 1879 1757; baseline -0.001 -9"><span class='ocrx_word' id='word_1_399' title='bbox 1141 1716 1439 1755; x_wconf 84' lang='lat' dir='ltr'>consuetudinibus,</span> <span class='ocrx_word' id='word_1_400' title='bbox 1463 1714 1642 1757; x_wconf 80' lang='lat' dir='ltr'>privilegiis</span> <span class='ocrx_word' id='word_1_401' title='bbox 1667 1725 1806 1757; x_wconf 78' lang='lat' dir='ltr'>quoque,</span> <span class='ocrx_word' id='word_1_402' title='bbox 1832 1714 1879 1747; x_wconf 89' lang='lat' dir='ltr'>in-</span> 
     </span>
     <span class='ocr_line' id='line_1_79' title="bbox 1142 1766 1881 1809; baseline -0.004 -8"><span class='ocrx_word' id='word_1_403' title='bbox 1142 1769 1238 1801; x_wconf 89' lang='lat' dir='ltr'>dultis</span> <span class='ocrx_word' id='word_1_404' title='bbox 1258 1773 1289 1800; x_wconf 84' lang='lat' dir='ltr'>et</span> <span class='ocrx_word' id='word_1_405' title='bbox 1304 1768 1422 1801; x_wconf 83' lang='lat' dir='ltr'>litteris</span> <span class='ocrx_word' id='word_1_406' title='bbox 1437 1767 1624 1809; x_wconf 86' lang='lat' dir='ltr'>apostolicis</span> <span class='ocrx_word' id='word_1_407' title='bbox 1638 1766 1670 1798; x_wconf 91' lang='lat' dir='ltr'>in</span> <span class='ocrx_word' id='word_1_408' title='bbox 1685 1766 1881 1799; x_wconf 89' lang='lat' dir='ltr'>contrarium</span> 
     </span>
     <span class='ocr_line' id='line_1_80' title="bbox 1142 1818 1878 1864; baseline -0.001 -12"><span class='ocrx_word' id='word_1_409' title='bbox 1142 1820 1395 1864; x_wconf 86' lang='lat' dir='ltr'>praemissorum</span> <span class='ocrx_word' id='word_1_410' title='bbox 1428 1818 1674 1862; x_wconf 86' lang='lat' dir='ltr'>quomodolibet</span> <span class='ocrx_word' id='word_1_411' title='bbox 1704 1818 1878 1859; x_wconf 89' lang='lat' dir='ltr'>concessis,</span> 
     </span>
     <span class='ocr_line' id='line_1_81' title="bbox 1142 1871 1881 1914; baseline -0.001 -9"><span class='ocrx_word' id='word_1_412' title='bbox 1142 1873 1337 1906; x_wconf 70' lang='lat' dir='ltr'>confirmatis</span> <span class='ocrx_word' id='word_1_413' title='bbox 1356 1877 1387 1905; x_wconf 84' lang='lat' dir='ltr'>et</span> <span class='ocrx_word' id='word_1_414' title='bbox 1403 1871 1579 1911; x_wconf 77' lang='lat' dir='ltr'>innovatis;</span> <span class='ocrx_word' id='word_1_415' title='bbox 1596 1871 1711 1914; x_wconf 86' lang='lat' dir='ltr'>quibus</span> <span class='ocrx_word' id='word_1_416' title='bbox 1729 1871 1881 1904; x_wconf 88' lang='lat' dir='ltr'>omnibus</span> 
     </span>
     <span class='ocr_line' id='line_1_82' title="bbox 1143 1924 1881 1968; baseline -0.001 -12"><span class='ocrx_word' id='word_1_417' title='bbox 1143 1932 1174 1959; x_wconf 87' lang='lat' dir='ltr'>et</span> <span class='ocrx_word' id='word_1_418' title='bbox 1199 1926 1345 1968; x_wconf 74' lang='lat' dir='ltr'>singulis,</span> <span class='ocrx_word' id='word_1_419' title='bbox 1360 1925 1489 1958; x_wconf 90' lang='lat' dir='ltr'>illorum</span> <span class='ocrx_word' id='word_1_420' title='bbox 1513 1930 1642 1957; x_wconf 88' lang='lat' dir='ltr'>tenores</span> <span class='ocrx_word' id='word_1_421' title='bbox 1659 1924 1881 1967; x_wconf 85' lang='lat' dir='ltr'>praesentibus</span> 
     </span>
     <span class='ocr_line' id='line_1_83' title="bbox 1143 1977 1882 2022; baseline -0.003 -11"><span class='ocrx_word' id='word_1_422' title='bbox 1143 1989 1200 2022; x_wconf 90' lang='lat' dir='ltr'>pro</span> <span class='ocrx_word' id='word_1_423' title='bbox 1228 1980 1324 2021; x_wconf 88' lang='lat' dir='ltr'>plene</span> <span class='ocrx_word' id='word_1_424' title='bbox 1357 1984 1388 2010; x_wconf 87' lang='lat' dir='ltr'>et</span> <span class='ocrx_word' id='word_1_425' title='bbox 1415 1977 1615 2010; x_wconf 84' lang='lat' dir='ltr'>sufficienter</span> <span class='ocrx_word' id='word_1_426' title='bbox 1652 1977 1812 2020; x_wconf 82' lang='lat' dir='ltr'>expressis</span> <span class='ocrx_word' id='word_1_427' title='bbox 1845 1987 1882 2010; x_wconf 90' lang='lat' dir='ltr'>ac</span> 
     </span>
     <span class='ocr_line' id='line_1_84' title="bbox 1143 2030 1883 2070; baseline -0.003 -6"><span class='ocrx_word' id='word_1_428' title='bbox 1143 2032 1272 2064; x_wconf 86' lang='lat' dir='ltr'>insertis</span> <span class='ocrx_word' id='word_1_429' title='bbox 1301 2031 1469 2070; x_wconf 85' lang='lat' dir='ltr'>habentes,</span> <span class='ocrx_word' id='word_1_430' title='bbox 1495 2030 1558 2063; x_wconf 89' lang='lat' dir='ltr'>illis</span> <span class='ocrx_word' id='word_1_431' title='bbox 1584 2030 1663 2062; x_wconf 77' lang='lat' dir='ltr'>alias</span> <span class='ocrx_word' id='word_1_432' title='bbox 1687 2030 1721 2062; x_wconf 94' lang='lat' dir='ltr'>in</span> <span class='ocrx_word' id='word_1_433' title='bbox 1745 2040 1805 2062; x_wconf 90' lang='lat' dir='ltr'>suo</span> <span class='ocrx_word' id='word_1_434' title='bbox 1829 2040 1883 2062; x_wconf 92' lang='lat' dir='ltr'>ro-</span> 
     </span>
     <span class='ocr_line' id='line_1_85' title="bbox 1142 2083 1883 2128; baseline -0.001 -12"><span class='ocrx_word' id='word_1_435' title='bbox 1142 2086 1219 2118; x_wconf 81' lang='lat' dir='ltr'>bore</span> <span class='ocrx_word' id='word_1_436' title='bbox 1244 2084 1478 2128; x_wconf 83' lang='lat' dir='ltr'>permansuris,</span> <span class='ocrx_word' id='word_1_437' title='bbox 1498 2084 1536 2116; x_wconf 93' lang='lat' dir='ltr'>ad</span> <span class='ocrx_word' id='word_1_438' title='bbox 1559 2083 1812 2127; x_wconf 85' lang='lat' dir='ltr'>praemissorum</span> <span class='ocrx_word' id='word_1_439' title='bbox 1838 2084 1883 2116; x_wconf 80' lang='lat' dir='ltr'>es-</span> 
     </span>
     <span class='ocr_line' id='line_1_86' title="bbox 1144 2137 1884 2180; baseline -0.001 -10"><span class='ocrx_word' id='word_1_440' title='bbox 1144 2139 1272 2177; x_wconf 78' lang='lat' dir='ltr'>seetum,</span> <span class='ocrx_word' id='word_1_441' title='bbox 1287 2139 1348 2170; x_wconf 81' lang='lat' dir='ltr'>liae</span> <span class='ocrx_word' id='word_1_442' title='bbox 1361 2138 1430 2170; x_wconf 90' lang='lat' dir='ltr'>vice</span> <span class='ocrx_word' id='word_1_443' title='bbox 1449 2138 1623 2176; x_wconf 84' lang='lat' dir='ltr'>dumtaxat,</span> <span class='ocrx_word' id='word_1_444' title='bbox 1648 2137 1834 2180; x_wconf 82' lang='lat' dir='ltr'>specialiter</span> <span class='ocrx_word' id='word_1_445' title='bbox 1852 2142 1884 2170; x_wconf 86' lang='lat' dir='ltr'>et</span> 
     </span>
     <span class='ocr_line' id='line_1_87' title="bbox 1144 2188 1885 2234; baseline -0.001 -11"><span class='ocrx_word' id='word_1_446' title='bbox 1144 2201 1295 2234; x_wconf 85' lang='lat' dir='ltr'>expresse</span> <span class='ocrx_word' id='word_1_447' title='bbox 1309 2191 1520 2233; x_wconf 75' lang='lat' dir='ltr'>derogamus·y</span> <span class='ocrx_word' id='word_1_448' title='bbox 1540 2188 1738 2233; x_wconf 86' lang='lat' dir='ltr'>ceterisque¹</span> <span class='ocrx_word' id='word_1_449' title='bbox 1758 2189 1885 2232; x_wconf 90' lang='lat' dir='ltr'>quibus-</span> 
     </span>
     <span class='ocr_line' id='line_1_88' title="bbox 1143 2254 1291 2286; baseline 0 -11"><span class='ocrx_word' id='word_1_450' title='bbox 1143 2254 1291 2286; x_wconf 84' lang='lat' dir='ltr'>cumque.</span> 
     </span>
    </p>

    <p class='ocr_par' dir='ltr' id='par_1_16' title="bbox 1145 2294 1887 2444">
     <span class='ocr_line' id='line_1_89' title="bbox 1189 2294 1882 2338; baseline -0.001 -11"><span class='ocrx_word' id='word_1_451' title='bbox 1189 2296 1301 2327; x_wconf 83' lang='lat' dir='ltr'>Datum</span> <span class='ocrx_word' id='word_1_452' title='bbox 1328 2295 1458 2335; x_wconf 82' lang='lat' dir='ltr'>Romae,</span> <span class='ocrx_word' id='word_1_453' title='bbox 1486 2295 1571 2338; x_wconf 91' lang='lat' dir='ltr'>apud</span> <span class='ocrx_word' id='word_1_454' title='bbox 1595 2294 1626 2327; x_wconf 89' lang='lat' dir='ltr'>S.</span> <span class='ocrx_word' id='word_1_455' title='bbox 1654 2294 1796 2335; x_wconf 85' lang='lat' dir='ltr'>Petrum,</span> <span class='ocrx_word' id='word_1_456' title='bbox 1823 2295 1882 2327; x_wconf 90' lang='lat' dir='ltr'>sub</span> 
     </span>
     <span class='ocr_line' id='line_1_90' title="bbox 1145 2347 1887 2389; baseline 0 -9"><span class='ocrx_word' id='word_1_457' title='bbox 1145 2350 1264 2380; x_wconf 87' lang='lat' dir='ltr'>annulo</span> <span class='ocrx_word' id='word_1_458' title='bbox 1286 2348 1469 2388; x_wconf 67' lang='lat' dir='ltr'>piscatoris,</span> <span class='ocrx_word' id='word_1_459' title='bbox 1485 2348 1537 2381; x_wconf 91' lang='lat' dir='ltr'>die</span> <span class='ocrx_word' id='word_1_460' title='bbox 1556 2358 1565 2380; x_wconf 94' lang='lat'>1</span> <span class='ocrx_word' id='word_1_461' title='bbox 1584 2347 1688 2379; x_wconf 87' lang='lat' dir='ltr'>martii</span> <span class='ocrx_word' id='word_1_462' title='bbox 1714 2356 1887 2389; x_wconf 65' lang='lat' dir='ltr'>itincmlex⁷³</span> 
     </span>
     <span class='ocr_line' id='line_1_91' title="bbox 1147 2400 1664 2444; baseline 0 -11"><span class='ocrx_word' id='word_1_463' title='bbox 1147 2400 1351 2444; x_wconf 74' lang='lat' dir='ltr'>pontificatus</span> <span class='ocrx_word' id='word_1_464' title='bbox 1377 2401 1480 2434; x_wconf 87' lang='lat' dir='ltr'>nostri</span> <span class='ocrx_word' id='word_1_465' title='bbox 1505 2410 1591 2433; x_wconf 84' lang='lat' dir='ltr'>anno</span> <span class='ocrx_word' id='word_1_466' title='bbox 1616 2410 1664 2433; x_wconf 86' lang='lat'>111.</span> 
     </span>
    </p>
   </div>
   <div class='ocr_carea' id='block_1_12' title="bbox 1183 2461 1806 2496">
    <p class='ocr_par' dir='ltr' id='par_1_17' title="bbox 1183 2461 1806 2496">
     <span class='ocr_line' id='line_1_92' title="bbox 1183 2461 1806 2496; baseline 0.003 -8"><span class='ocrx_word' id='word_1_467' title='bbox 1183 2463 1243 2488; x_wconf 85' lang='lat' dir='ltr'>Dat.</span> <span class='ocrx_word' id='word_1_468' title='bbox 1260 2461 1303 2488; x_wconf 87' lang='lat' dir='ltr'>die</span> <span class='ocrx_word' id='word_1_469' title='bbox 1320 2463 1329 2488; x_wconf 85' lang='lat'>1</span> <span class='ocrx_word' id='word_1_470' title='bbox 1354 2461 1445 2489; x_wconf 87' lang='lat' dir='ltr'>martii</span> <span class='ocrx_word' id='word_1_471' title='bbox 1466 2461 1543 2494; x_wconf 85' lang='lat'>1679,</span> <span class='ocrx_word' id='word_1_472' title='bbox 1561 2461 1660 2496; x_wconf 79' lang='lat' dir='ltr'>pontif.</span> <span class='ocrx_word' id='word_1_473' title='bbox 1681 2469 1752 2488; x_wconf 85' lang='lat' dir='ltr'>anno</span> <span class='ocrx_word' id='word_1_474' title='bbox 1766 2467 1806 2490; x_wconf 83' lang='lat'>111.</span> 
     </span>
    </p>
   </div>
   <div class='ocr_carea' id='block_1_13' title="bbox 1188 2568 1668 2603">
    <p class='ocr_par' dir='ltr' id='par_1_18' title="bbox 1188 2568 1668 2603">
     <span class='ocr_line' id='line_1_93' title="bbox 1188 2568 1668 2603; baseline 0 -8"><span class='ocrx_word' id='word_1_475' title='bbox 1188 2570 1195 2595; x_wconf 85' lang='lat'>1</span> <span class='ocrx_word' id='word_1_476' title='bbox 1221 2570 1301 2596; x_wconf 71' lang='lat' dir='ltr'>Deest</span> <span class='ocrx_word' id='word_1_477' title='bbox 1322 2577 1371 2596; x_wconf 87' lang='lat' dir='ltr'>vox</span> <span class='ocrx_word' id='word_1_478' title='bbox 1390 2569 1546 2597; x_wconf 75' lang='lat' dir='ltr'>contrariis</span> <span class='ocrx_word' id='word_1_479' title='bbox 1565 2570 1603 2602; x_wconf 79' lang='lat' dir='ltr'>(n.</span> <span class='ocrx_word' id='word_1_480' title='bbox 1619 2568 1668 2603; x_wconf 88' lang='grc' dir='ltr'>τ.).</span> 
     </span>
    </p>
   </div>
  </div>
 </body>
</html>
