2111 3157
0 204 48 233 An.
65 202 93 230 C.
116 200 182 230 1685

187 259 260 282 vere
273 250 475 294 poenitentes
490 255 520 283 et
532 250 669 284 confessi
683 251 916 284 sanctissimum

187 301 406 336 Eucharistiae
440 310 672 342 sacramentum
708 303 914 347 sumpserint,

186 355 389 397 plenariam3
420 356 482 388 illis
508 367 632 399 quoque
658 356 711 399 qui
737 356 916 388 institutum

188 407 370 442 huiusmodi
396 409 547 451 ingressi,
575 415 606 441 et
630 409 661 441 in
688 419 726 441 eo
752 408 914 447 viventes,

188 459 403 494 iuramentum
426 460 465 493 de
490 460 728 503 perseverando
752 470 853 503 usque
878 460 917 492 ad

188 518 324 544 mortem
342 512 374 544 in
392 513 505 547 eodem
530 512 675 545 instituto
697 512 783 544 iuxta
800 511 918 545 consti-

188 565 328 598 tutiones
346 563 526 608 praedictas
545 564 773 607 praestiterint,
792 569 823 596 et
842 573 915 596 vere

186 617 335 650 similiter
358 617 560 660 poenitentes
587 622 618 649 et
642 616 777 649 confessi
804 626 842 648 eo
865 616 916 648 die

186 672 277 702 >acra
291 670 512 704 communione
530 670 640 702 resecti
659 669 787 708 suerint,
805 669 916 700 itidem

186 723 383 764 plenariam;
409 734 444 755 ac
480 722 630 765 praefatis
655 721 780 754 clericis
805 731 917 753 saecu-

185 774 304 807 laribus
329 775 360 806 in
386 775 546 808 communi
572 774 761 815 viventibus.
780 784 864 806 nunc
885 778 915 806 et

185 837 242 869 pro
269 832 413 870 tempore
438 827 661 866 existentibus,
686 826 720 859 in
744 825 915 859 cuiuslibet

184 889 296 912 corum
319 880 431 913 mortis
459 879 614 919 articulo,
639 879 664 911 si
689 889 762 912 vere
794 879 915 922 pariter

183 932 387 974 poenitentes
420 937 452 965 et
483 931 622 965 confessi
654 942 691 964 ac
715 934 803 964 sacra
828 941 914 964 com-

185 986 338 1019 munione
363 986 485 1025 resecti,
507 987 566 1026 vel,
586 990 741 1029 quatenus
759 985 790 1018 id
809 985 912 1017 facere

184 1038 399 1081 nequiverint,
419 1039 533 1071 saltem
558 1038 685 1071 contriti
705 1047 825 1072 nomen
842 1037 911 1070 Iesu

185 1102 250 1130 ore,
277 1092 303 1125 si
327 1092 502 1135 potuerint,
528 1091 577 1124 sin
603 1091 719 1131 minus,
745 1092 840 1124 corde
859 1091 914 1123 de-

184 1150 254 1177 vote
269 1145 498 1184 invocaverint,
513 1144 606 1177 etiarn
621 1144 811 1187 plenariam;
827 1154 915 1187 prae-

185 1203 274 1230 tcrea
292 1197 413 1230 eisdem
432 1197 656 1240 praesentibus
676 1203 707 1230 et
722 1197 835 1229 suturis
853 1197 915 1229 cle-

184 1250 258 1282 ricis
282 1250 500 1283 saecularibus
527 1260 600 1282 vcrc
633 1249 780 1282 similiter
803 1250 915 1293 poeni-

185 1303 323 1336 tentibus
348 1308 379 1336 ct
404 1303 575 1342 confessis,
602 1313 638 1335 ac
661 1305 750 1335 sacra
773 1312 916 1335 commu-

184 1355 281 1389 nione
298 1356 437 1395 resectis,
454 1355 508 1398 qui
527 1355 664 1398 aliquam
682 1355 758 1388 dicti
777 1355 913 1388 instituti

184 1409 352 1442 ecclesiam
377 1409 427 1441 vcl
453 1409 642 1449 oratorium,
672 1410 721 1442 vel
746 1409 915 1452 parochia-

183 1462 247 1494 lem
263 1461 432 1494 ecclesiam
447 1461 519 1502 loci,
534 1461 586 1494 ubi
600 1472 658 1505 pro
672 1467 818 1505 tempore
836 1472 915 1495 com-

183 1514 404 1555 morabuntur,
426 1515 477 1548 die
503 1515 586 1548 festo
611 1515 641 1548 S.
667 1515 753 1548 Petri
779 1515 817 1549 ad
841 1515 915 1547 Vin-

183 1560 255 1601 cula
271 1579 289 1601 a
305 1568 417 1612 primis
433 1568 575 1611 vesperis
591 1579 690 1612 usque
709 1569 747 1601 ad
766 1579 913 1603 occasum

184 1621 262 1654 solis
288 1621 351 1654 diei
377 1621 567 1655 huiusmodi
592 1622 684 1654 annis
708 1622 842 1664 singulis
861 1623 914 1655 de-

183 1679 255 1708 vote
278 1674 482 1715 visitaverint,
505 1680 536 1707 et
559 1675 603 1708 ibi
629 1685 688 1718 pro
714 1675 799 1708 felici
821 1686 914 1719 prae-

183 1728 237 1760 fati
255 1728 391 1761 instituti
409 1738 594 1772 prog1·essu‚
615 1730 860 1772 propagatione,
879 1740 915 1762 ac

182 1791 241 1824 pro
258 1781 506 1814 christianorum
524 1782 706 1825 principum
732 1783 911 1822 concordia,

184 1835 355 1868 haeresum
380 1834 610 1877 extirpatione,
637 1845 672 1868 ac
698 1841 827 1868 sanctae
853 1836 914 1868 Ma-

183 1889 239 1921 tris
263 1888 425 1922 Ecclesiae
451 1890 642 1922 exaltatione
660 1889 728 1932 pias
755 1890 794 1923 ad
814 1889 913 1923 Deum

181 1951 293 1985 preces
311 1940 493 1983 effuderint,
511 1942 631 1985 pariter
648 1943 846 1985 plenariam;
868 1942 915 1976 in-

182 2005 279 2038 super
314 1994 436 2027 eisdem
472 1994 597 2027 clericis
634 1995 852 2027 saecularibus
880 1995 912 2028 in

182 2048 343 2083 communi
359 2049 548 2088 viventibus,
564 2048 616 2091 qui
631 2049 812 2091 spiritualia
828 2059 914 2082 exer-

182 2101 256 2135 citia
280 2111 339 2145 per
356 2101 518 2135 octiduum
544 2102 730 2136 continuum
756 2103 788 2136 in
805 2104 913 2147 aliqua

182 2154 326 2187 eiusdem
351 2154 487 2186 instituti
512 2155 608 2187 domo
643 2156 850 2198 peregerint,
882 2162 914 2189 et

181 2207 306 2241 interea
331 2217 404 2240 vere
426 2217 553 2250 quoque
571 2208 772 2250 poenitentes
790 2214 822 2242 et
838 2220 913 2242 con-

181 2260 257 2293 sessi
293 2259 528 2293 sanctissimum
561 2260 782 2293 Eucharistiae
812 2272 913 2295 sacra-

180 2318 324 2346 mentum
349 2312 549 2355 praedictum
580 2313 789 2355 sumpserint,
816 2320 914 2354 ac‚ut

180 2366 371 2409 praefertur,
386 2365 555 2405 oraverint,
573 2365 721 2398 similiter
733 2367 913 2408 plenariam

181 2420 281 2452 semel
299 2418 331 2451 in
349 2429 434 2452 anno
455 2419 599 2453 omnium
617 2424 821 2462 peccatorum
839 2431 913 2453 suo-

180 2481 252 2505 rum
272 2471 506 2514 indulgentiam
525 2477 556 2505 et
572 2471 796 2506 remissionem
820 2473 913 2507 mise-

179 2523 350 2557 ricorditer
367 2524 398 2557 in
416 2525 551 2558 Domino
569 2525 783 2558 cencedimus.
803 2526 846 2558 Ac
864 2527 913 2559 de-

178 2587 268 2613 mum
289 2577 407 2611 eisdem
430 2578 555 2611 clericis
576 2579 797 2612 saecularibus
819 2590 912 2623 prae-

762 202 971 228 xNNOCENTtUS
992 203 1023 227 XI
1048 204 1096 227 ΓΡ.

1587 191 1649 225 6⁶27
1697 200 1747 227 An.
1763 200 1791 228 c.
1816 198 1883 229 1035

960 251 1104 283 sentibus
1131 254 1162 283 et
1186 250 1297 283 suturis
1314 250 1373 283 sub
1397 250 1542 283 instituto
1563 249 1692 292 praedi-

960 309 1009 336 cto
1036 304 1223 343 virentibus,
1243 304 1295 347 qui
1315 303 1448 345 singulis
1467 303 1579 335 diebus
1598 312 1692 335 mane

960 356 1188 389 conscientiam
1213 367 1301 389 suam
1334 356 1506 399 diligenter
1530 355 1692 389 examina-

960 409 1063 441 verint
1091 419 1160 441 cum
1185 409 1350 452 proposito
1376 420 1392 442 a
1423 409 1563 452 peccatis
1596 409 1693 442 absti-

960 460 1056 494 nendi
1075 466 1106 493 et
1129 471 1161 493 se
1187 462 1379 503 corrigendi,
1402 473 1438 494 ac
1462 462 1589 495 litanias
1615 462 1692 495 Bea-

961 517 1008 544 tae
1033 513 1148 545 Mariae
1173 513 1311 555 Yirginis
1337 514 1450 548 devote
1474 514 1690 555 recitaverint,

960 570 1008 603 et,
1033 570 1067 596 ut.
1091 576 1187 608 supra
1213 576 1397 608 expressum
1424 571 1486 606 est,
1513 566 1690 619 oraverint,

960 623 1085 651 centum
1112 618 1181 650 dies
1198 627 1256 660 pro
1281 629 1475 662 unoquoque
1500 620 1562 658 die,
1580 629 1642 662 quo
1660 619 1692 652 id

959 669 1101 711 egerint,
1120 670 1158 702 de
1185 670 1336 703 iniunctis
1362 671 1408 703 eis
1438 682 1494 704 seu
1519 671 1595 704 alias
1613 681 1694 714 quo-

958 722 1136 754 modolibet
1157 722 1273 754 debitis
1298 723 1506 765 poenitentiis
1536 724 1568 757 in
1591 725 1693 757 forma

958 773 1119 805 Ecclesiae
1146 777 1298 808 consucta
1322 776 1510 808 relaxamus.
1538 775 1693 809 Praesen-

959 825 1041 858 tibus
1067 827 1233 869 perpetuis
1262 827 1377 859 suturis
1409 828 1608 871 temporibus
1633 839 1689 861 va-

957 878 1071 911 lituris.

1000 932 1152 965 Volumus
1165 937 1269 967 autem
1286 938 1320 966 ut
1337 934 1521 967 earumdem
1538 945 1693 978 praesen·
1729 944 1847 966 camurae.

957 984 1034 1019 tium
1059 986 1235 1019 litterarum
1261 987 1485 1030 transumptiS,
1512 998 1569 1020 seu
1586 998 1693 1021 exem-

957 1038 1036 1080 plis,
1066 1039 1163 1072 etiam
1207 1039 1396 1083 impressis,
1426 1050 1521 1073 manu
1554 1040 1691 1074 alicuius

957 1092 1074 1124 notarii
1092 1092 1214 1134 publici
1236 1093 1437 1136 subscriptis,
1450 1099 1482 1126 et
1495 1094 1604 1137 sigillo
1618 1105 1691 1138 per·-

957 1154 1055 1177 sonae
1076 1145 1109 1176 in
1128 1146 1348 1178 ecclesiastica
1373 1146 1530 1189 dignitate
1571 1148 1674 1180 consti

957 1202 1045 1230 tutae
1062 1198 1196 1231 munitis
1212 1225 1219 1239 ‚
1239 1199 1351 1232 eadem
1368 1209 1501 1242 prorsus
1521 1199 1601 1233 fides
1621 1200 1692 1233 ubi-

955 1261 1017 1294 que
1043 1252 1187 1285 locorum
1212 1252 1383 1293 habeatur,
1403 1264 1483 1303 quae
1500 1253 1580 1297 ipsis
1601 1264 1691 1297 prae-

957 1305 1101 1337 sentibus
1130 1305 1302 1337 haberetur
1337 1306 1363 1337 si
1395 1306 1503 1339 ibrent
1527 1306 1691 1340 exhibitae

956 1357 1005 1389 vel
1031 1362 1192 1391 ostensae.
1383 1391 1386 1394 ,

1000 1407 1113 1442 Datum
1138 1409 1266 1449 Romae,
1293 1411 1377 1453 apud
1399 1410 1430 1442 S.
1450 1411 1578 1444 Mariam
1596 1411 1693 1444 Maio·

956 1472 1033 1501 rem,
1053 1462 1109 1494 sub
1127 1464 1246 1495 annulo
1262 1463 1450 1504 piscatoris,
1468 1464 1519 1496 die
1534 1474 1566 1497 χι
1580 1464 1692 1508 aprilis

957 1525 1144 1557 unetxxxv,
1168 1516 1375 1559 pontificatus
1404 1516 1508 1550 nostri
1534 1527 1619 1550 anno
1645 1527 1689 1551 1X.

992 1578 1051 1605 Dat.
1072 1579 1115 1605 die
1139 1580 1165 1605 ¹1
1189 1579 1295 1614 augusti
1320 1579 1397 1612 1685,
1419 1579 1518 1614 pontis.
1533 1587 1604 1607 anno
1619 1585 1658 1607 tx.

1273 1720 1370 1754 CLIV.

958 1800 1246 1834 communicantur
1266 1800 1445 1843 privileyia
1468 1801 1693 1834 universilalzs

1000 1853 1032 1886 S.
1064 1853 1203 1886 leomae
1226 1853 1369 1885 civilalis
1393 1853 1536 1886 Monilae
1561 1855 1693 1886 univer-

999 1906 1149 1938 sitatibus
1174 1906 1204 1938 S,
1232 1905 1328 1938 iiclei
1358 1910 1386 1938 el
1415 1906 1453 1940 B.
1486 1906 1692 1939 Ferdimmdi

1001 1959 1143 1991 civitatis
1171 1958 1330 1998 Quitensis
1357 1957 1493 1992 Ordinis
1516 1959 1693 1992 Praedica*

1001 2016 1106 2044 torum
1131 2012 1167 2043 in
1191 2011 1298 2044 Inda'is
1320 2011 1612 2046 Occz'dencalz'fhusu

1140 2091 1337 2119 Innocentius
1358 2092 1437 2125 Papa
1455 2092 1509 2125 XI,

1095 2136 1132 2162 ad
1151 2136 1285 2164 futuram
1304 2136 1351 2162 rei
1369 2136 1553 2164 memoriam.

999 2206 1013 2249 ᾗ
1030 2206 1060 2238 t.
1081 2206 1202 2249 Exponi
1217 2206 1311 2239 nobis
1331 2217 1435 2250 nuper
1452 2207 1528 2240 fecit
1552 2206 1690 2240 dilectus
1704 2211 1889 2260 vugffiffg-‘Ssspk

955 2259 1037 2292 silius
1052 2259 1185 2293 lacobus
1196 2259 1312 2299 Rivius,
1323 2265 1516 2302 procurator
1528 2261 1691 2303 generalis
1704 2266 1748 2286 ‘⁶¹-

954 2312 1082 2346 Ordinis
1109 2313 1242 2345 fratrum
1260 2312 1532 2355 praedicatorum,
1550 2314 1582 2347 in
1603 2316 1693 2347 sacra

956 2366 1118 2408 theologia
1144 2365 1310 2409 magister,
1335 2367 1420 2409 quod
1438 2367 1530 2410 (licet
1552 2366 1585 2400 in
1609 2378 1689 2401 con-

990 2457 1000 2482 1
1026 2455 1061 2482 De
1076 2455 1251 2482 universitate
1266 2455 1292 2482 S.
1308 2453 1426 2483 Thomae
1441 2456 1502 2483 vide
1523 2456 1629 2484 constit.
1646 2457 1691 2484 ed.

954 2505 1097 2532 MDchxxt,
1114 2500 1156 2526 die
1173 2501 1186 2527 7
1208 2500 1323 2535 augusti,
1345 2501 1442 2535 pontif.
1458 2507 1491 2533 v;
1507 2501 1541 2528 de
1556 2501 1692 2529 nonnullis

954 2552 1016 2571 vero
1036 2544 1130 2571 studiis
1149 2543 1383 2579 praedicatorum,
1404 2544 1463 2572 vide
1480 2545 1629 2573 lnnocentii
1646 2545 1692 2572 ΧΠ

954 2589 1043 2617 Const.
1064 2589 1107 2616 ed.
1128 2596 1256 2623 uncxcut,
1277 2589 1319 2617 die
1338 2590 1373 2618 20
1392 2591 1521 2625 octobris,
1541 2590 1636 2626 pontif.
1659 2596 1689 2618 ιι.
