2111 3157
179 233 228 259 An.
245 231 276 259 C.
298 231 364 258 1677

215 1354 291 1374 Preces
304 1349 372 1371 nunni

188 1384 282 1405 magistu
300 1381 371 1397 '’1¹14-

188 1411 231 1427 tres
247 1406 297 1425 :ticli
314 1404 372 1424 Uriti-

189 1440 221 1453 ηις
233 1434 243 1452 Ἰ
252 1434 374 1453 licut-owen-

190 1465 244 1482 tum*

227 2035 377 2057 Exaudmniur.

410 221 451 255 &18

375 282 435 314 frui
454 287 484 314 et
502 281 643 324 gaudere
661 290 768 324 posse,
785 288 844 311 nec
864 277 991 316 debere,
1014 276 1108 319 quin-

374 335 438 368 imo
456 335 511 368 illa
527 334 634 367 onmia
650 343 786 371 cessare,
805 342 841 364 ae
859 330 951 362 irrita
968 335 1000 362 et
1020 329 1108 361 nulla

375 387 561 430 nulliusque
587 387 714 420 roboris
740 391 771 419 et
795 383 952 417 momenti
979 393 1049 415 esse
1078 387 1109 413 et

376 441 466 480 sore,
491 446 588 483 prout
611 440 643 472 in
668 439 761 472 dietis
793 436 940 479 Gregorii
971 434 1109 478 praede-

375 493 514 526 cessoris
546 493 577 524 in
604 493 706 525 forma
738 491 848 523 Brevis
885 490 1026 531 desuper
1049 486 1108 518 sub

376 547 428 579 die
453 557 531 580 xxni
567 544 751 578 decembris
787 553 918 577 nucxxn
951 539 1110 584 expeditis

375 600 492 632 litteris
508 626 515 639 ,
543 608 676 641 quarum
701 603 848 629 tenorem
883 592 1110 638 praesentibus

376 663 437 696 pro
463 662 617 695 expresso
643 651 755 684 haberi
780 651 929 683 volumus
945 675 952 687 ,
982 645 1109 690 plenius

377 705 581 744 continetur·,
615 710 646 737 et
670 704 808 736 subinde
837 702 909 745 piae
935 698 1110 732 memoriae

377 758 525 791 Urbanus
549 758 622 797 YIII,
649 757 798 790 Clemens
816 756 855 788 lx
876 761 908 787 et
923 754 1070 787 Clemens
1087 750 1110 782 Χ

378 811 514 844 Romani
540 810 710 843 Pontifices
726 810 821 842 etiam
842 808 1111 851 praedecessores

378 865 480 897 nostri
506 874 567 908 per
592 873 665 896 suas
690 863 813 906 pariter
832 861 864 893 in
886 860 988 892 forma
1004 855 1111 890 Brevis

379 918 431 950 die
454 928 507 951 xix
531 916 668 950 ianuarii
694 924 833 949 nocxxlv
851 919 881 946 et
907 913 958 945 die
982 921 1013 946 ix
1034 909 1112 942 iunii

378 981 545 1005 unctxvm
581 981 617 1003 ac
651 970 702 1001 die
738 979 796 1001 xxx
832 966 957 1009 augusti
988 974 1113 998 MDCLxx

380 1025 560 1068 respective
576 1024 741 1067 expeditas
759 1022 895 1059 litteras,
913 1029 1051 1063 quarum
1071 1023 1114 1049 te-

379 1087 475 1109 nores
501 1076 728 1120 praesentihus
752 1074 862 1107 itidem
887 1072 1001 1105 haberi
1024 1071 1115 1103 volu-

379 1140 450 1163 mus
474 1140 535 1172 pro
562 1128 735 1172 expressis,
758 1127 820 1159 iam
846 1126 948 1159 dietas
968 1123 1113 1166 Gregorii

380 1182 644 1226 praedecessoris
669 1181 804 1219 litteras,
824 1179 883 1212 sub
901 1179 997 1212 certis
1018 1177 1115 1210 modo

381 1242 412 1269 et
437 1236 536 1269 torma
553 1240 629 1267 tunc
651 1233 822 1277 expressis,
839 1231 1069 1265 confirmarunt
1086 1236 1114 1262 et

382 1289 613 1333 approbarunt.

427 1343 442 1385 ἓ
467 1341 497 1374 2.
525 1341 601 1374 Cum
627 1345 743 1377 autem,
769 1339 848 1371 sicut
872 1348 932 1382 pro
957 1343 1046 1381 parte
1072 1336 1117 1370 di-

385 1396 542 1428 lectorum
560 1393 698 1426 filiorum
725 1391 830 1434 magni
852 1390 996 1434 magistri
1011 1395 1044 1423 et
1061 1390 1119 1422 sra-

387 1453 470 1480 trum
494 1446 632 1479 militum
659 1445 734 1478 dicti
762 1444 932 1486 hospitalis
950 1443 984 1475 B.
1005 1442 1118 1475 Mariae

379 1499 660 1543 ¹'slieutonicorum
688 1496 783 1529 nobis
809 1506 913 1538 nuper
938 1495 1118 1538 expositum

380 1553 456 1593 -suit,
481 1552 667 1595 praedictae
692 1550 823 1593 quidem
850 1549 996 1591 Gregorii
1016 1548 1065 1582 XV
1086 1558 1120 1580 ac

388 1605 507 1639 Urbani
532 1604 617 1643 Vlll,
642 1603 818 1636 Clementis
844 1602 883 1634 IX
915 1608 946 1634 et
977 1601 1121 1634 Clemen-

388 1660 427 1693 tis
452 1659 477 1691 X
501 1657 792 1701 praedecessorum
822 1655 947 1688 litterae
972 1655 1003 1687 in
1030 1655 1120 1687 viridi

388 1712 452 1744 sint
484 1709 704 1747 observantia,
731 1708 805 1751 quia
839 1713 947 1740 tamen
983 1707 1122 1739 firmiora

389 1769 462 1796 sunt
488 1773 524 1795 ea
542 1772 622 1805 quae
648 1760 857 1803 frequentiori
881 1760 971 1792 Sedis
990 1761 1124 1803 Aposto-

390 1818 469 1851 licae
496 1815 659 1859 praesidio
689 1815 904 1854 roborantur,
930 1814 1028 1846 iidem
1053 1824 1121 1846 ma-

391 1880 473 1913 gnus
500 1869 655 1910 magister
672 1872 703 1899 et
725 1868 837 1899 tratres
859 1867 979 1899 milites
1005 1867 1126 1899 litteras

392 1922 575 1956 huiusmodi
590 1920 784 1964 apostolicae
803 1919 1057 1952 confirmationis
1076 1930 1127 1951 no-

393 1983 475 2009 strae
501 1974 680 2017 patrocinio
706 1973 895 2006 communiri
918 1983 1126 2015 summopere

395 2028 594 2062 desiderent:
614 2037 681 2066 nos,
697 2027 840 2069 ipsorum
856 2026 964 2068 magni
982 2025 1126 2068 magistri

396 2088 427 2114 et
452 2082 583 2113 sraimm
608 2080 744 2112 militum
771 2080 852 2112 votis
878 2084 1031 2122 quantum
1059 2089 1127 2111 cum

395 2135 531 2167 Domino
549 2143 721 2176 possumus
740 2132 957 2165 lavorabiliter
977 2142 1130 2171 annuere,

398 2196 518 2229 eosque
550 2185 744 2228 specialibus
782 2184 941 2216 favoribus
966 2190 998 2216 et
1021 2184 1130 2227 gratiis

398 2238 549 2281 prosequi
575 2238 732 2277 volentes,
759 2241 790 2269 et
817 2247 930 2269 eorum
955 2237 1133 2278 singulares

399 2301 555 2334 personas
581 2301 598 2322 a
633 2290 798 2333 quibusvis
831 2290 1135 2323 excommunicatio-

400 2344 464 2383 nis,
491 2344 714 2386 suspensionis
735 2348 766 2375 et
800 2343 975 2383 interdicti,
1000 2343 1133 2385 aliisque

402 2396 631 2430 ecclesiasticis
648 2396 825 2435 sententiis,
845 2397 992 2429 censuris
1011 2401 1041 2428 et
1061 2406 1135 2438 poe-

402 2449 462 2486 nis,
487 2460 503 2481 a
525 2449 593 2480 iure
619 2450 667 2480 vel
688 2449 726 2481 ab
753 2449 895 2489 homine,
917 2449 1028 2491 quavis
1046 2458 1135 2481 occa-

403 2503 491 2534 sione
517 2502 564 2534 vel
591 2503 683 2533 causa
701 2501 787 2541 latis,
813 2502 837 2533 si
864 2502 981 2544 quibus
1005 2511 1138 2544 quomo-

405 2555 529 2588 ‹loiibet
552 2554 726 2587 innodatae
750 2554 901 2595 existunt,
926 2555 965 2588 ad
990 2554 1136 2588 ellectum

405 2607 624 2653 praesentium
658 2607 821 2640 dumtaxat
852 2608 1136 2652 consequendum,

949 227 1128 252 DULLARIUM
1152 226 1304 250 ROMANL'M

1151 275 1267 307 haruin
1300 274 1384 307 serie
1423 273 1628 306 absolventes
1660 280 1691 306 et
1721 273 1885 306 absolutas

1151 327 1220 360 sore
1246 332 1435 367 censentes,
1458 327 1748 370 supplicationibus
1773 338 1885 360 eorum

1151 380 1281 413 nomine
1296 379 1454 422 porrectis
1470 379 1626 419 inclinati,
1640 380 1800 422 praefatas
1811 380 1887 414 Gre-

1152 432 1233 474 gorii
1258 433 1320 472 XV,
1349 443 1385 465 ac
1409 432 1528 465 Urbani
1552 432 1625 474 VIII,
1650 433 1822 466 Clementis
1847 433 1884 467 IX

1153 492 1185 518 et
1208 486 1382 518 Clementis
1401 486 1423 518 X
1447 487 1733 528 praedecessorum
1754 487 1876 520 litteras

1153 538 1326 581 omniaque
1345 544 1377 571 et
1397 538 1524 581 singula
1541 539 1572 571 in
1591 539 1637 571 eis
1659 544 1820 575 contenta.
1843 545 1882 572 te-

1155 601 1232 623 nore
1249 591 1478 634 praesentium,
1498 598 1655 635 perpetuo
1670 592 1887 635 approbamus

1154 649 1185 676 et
1209 643 1458 684 confirmamus,
1491 645 1627 687 illisque
1653 651 1831 688 perpetuae
1858 650 1890 678 et

1154 696 1350 729 inviolabilis
1376 697 1573 739 apostolicae
1609 698 1765 732 firmitatis
1789 699 1890 732 robur

1155 749 1332 781 adiicimus.

1198 802 1212 844 g
1238 801 1269 835 3.
1301 802 1519 836 Decernentes
1547 803 1675 837 easdem
1698 810 1889 847 praesentes

1156 855 1278 887 litteras
1303 857 1392 889 nullo
1417 866 1558 899 unquam
1585 861 1733 899 tempore
1757 857 1796 890 de
1817 858 1891 890 sub-

1157 909 1314 951 reptionis
1339 910 1389 942 vel
1422 910 1624 953 obreptionis
1656 915 1710 943 aut
1737 911 1891 948 nullitatis

1156 962 1253 1002 vitio,
1280 972 1334 994 seu
1359 963 1549 996 intentionis
1578 969 1707 997 nostrae
1737 966 1785 998 vel
1811 974 1892 1008 quo-

1157 1014 1242 1056 piam
1274 1015 1338 1048 alio
1376 1016 1522 1055 defectu,
1550 1017 1645 1049 etiam
1671 1028 1707 1049 ex
1734 1027 1771 1050 eo
1805 1017 1892 1060 quod

1158 1069 1304 1100 locorum
1336 1068 1496 1101 Ordinarii
1533 1070 1572 1102 ad
1611 1070 1673 1102 hoc
1697 1069 1799 1103 vocati
1825 1080 1892 1103 non

1159 1120 1288 1160 suerint,
1313 1121 1432 1161 notari,
1453 1121 1636 1164 impugnari
1657 1123 1706 1155 vel
1724 1122 1891 1156 invalidari

1158 1173 1321 1205 ullatenus
1347 1183 1452 1217 posse,
1482 1174 1652 1218 minusque
1678 1177 1736 1208 sub
1762 1175 1894 1218 quibus-

1158 1226 1203 1258 vis
1230 1226 1384 1259 similium
1409 1228 1458 1260 vel
1491 1228 1693 1261 dissimilium
1719 1229 1893 1271 gratiarum

1160 1280 1430 1319 revocationibus,
1449 1280 1705 1322 limitatiouibus,
1722 1281 1896 1314 restrictio-

1161 1333 1254 1365 nibus
1289 1338 1321 1366 et
1356 1334 1623 1376 derogationibus
1662 1334 1894 1378 comprehendi

1160 1397 1268 1429 posse,
1295 1386 1350 1419 sed
1376 1397 1504 1429 semper
1520 1388 1559 1419 ab
1580 1387 1644 1420 illis
1669 1394 1828 1431 exceptas,
1854 1394 1894 1425 et,

1161 1440 1287 1481 quoties
1313 1439 1387 1472 illae
1413 1440 1627 1480 emanabunt,
1655 1441 1750 1474 toties
1775 1441 1807 1473 in
1832 1441 1898 1484 pri-

1162 1492 1280 1524 stinum
1314 1497 1431 1524 statum
1467 1493 1653 1533 restitutas,
1679 1494 1840 1537 repositas
1865 1497 1898 1526 et

1163 1545 1308 1587 plenarie
1323 1545 1535 1587 reintegratas
1551 1556 1634 1586 esse,
1654 1546 1765 1590 sicque
1779 1548 1817 1579 ab
1832 1557 1898 1579 om-

1164 1598 1258 1630 nibus
1278 1598 1412 1637 censeri,
1430 1604 1461 1631 et
1480 1600 1521 1631 ita
1539 1610 1595 1642 per
1613 1609 1834 1643 quoscumque
1853 1600 1898 1632 iu-

1164 1651 1253 1684 dices
1270 1655 1300 1684 et
1317 1652 1553 1685 commissarios
1574 1653 1685 1695 quavis
1710 1653 1898 1686 auctoritate

1166 1704 1345 1747 fungentes,
1372 1706 1466 1738 etiam
1494 1716 1662 1738 causarum
1688 1706 1796 1748 palatii
1822 1715 1900 1749 apo-

1166 1758 1272 1790 stolici
1298 1759 1473 1795 auditores,
1492 1769 1527 1791 ar
1545 1759 1575 1792 S.
1596 1759 1631 1791 P..
1652 1759 1685 1791 E.
1708 1759 1900 1798 cardinales,

1167 1811 1303 1843 iudicari
1329 1822 1365 1844 ac
1390 1811 1517 1844 definiri
1544 1812 1683 1851 debere,
1715 1823 1750 1845 ac
1775 1813 1899 1845 irritum

1169 1870 1199 1895 ct
1223 1863 1319 1896 inane
1343 1864 1369 1896 si
1388 1874 1479 1896 serus
1503 1875 1603 1907 super
1624 1864 1674 1897 his
1698 1875 1714 1897 a
1737 1875 1900 1908 quoquam

1169 1917 1279 1959 quavis
1305 1918 1507 1957 auctoritate,
1525 1918 1665 1950 scienter
1685 1920 1733 1952 vel
1751 1919 1903 1962 ignoran-

1170 1975 1228 2007 ter,
1254 1970 1423 2012 contigcrit
1447 1971 1610 2004 attentari.

1213 2022 1227 2064 g
1252 2022 1283 2053 4.
1310 2022 1465 2059 Quocirca
1487 2025 1724 2059 venerabilibus
1751 2026 1903 2060 fratribus

1172 2075 1411 2117 Moguntinensi
1444 2082 1474 2108 et
1509 2077 1662 2119 Pragensi
1687 2079 1905 2123 archiepisco-

1171 2129 1230 2171 pis,
1248 2139 1283 2161 ac
1300 2129 1418 2162 dilecto
1443 2129 1509 2162 filio
1533 2140 1701 2164 causarum
1727 2133 1833 2166 curiae
1850 2133 1906 2167 Ca-

1172 2192 1279 2214 merae
1305 2182 1508 2224 Apostolicae
1527 2184 1670 2224 generali
1688 2186 1826 2219 auditori
1848 2196 1908 2229 per

1174 2240 1364 2278 praesentes
1390 2236 1618 2269 committimus
1644 2243 1675 2270 et
1698 2240 1906 2279 mandamus,

1176 2294 1333 2332 quatenus
1355 2288 1426 2330 ipsi,
1446 2290 1494 2321 vel
1513 2290 1584 2328 duo,
1604 2296 1657 2322 aut
1681 2301 1763 2324 unus
1784 2302 1908 2332 eorum,

1176 2352 1234 2384 per
1251 2352 1293 2381 sc,
1309 2342 1357 2374 vel
1380 2352 1437 2385 per
1454 2342 1562 2382 alium,
1582 2353 1636 2375 seu
1655 2344 1743 2384 alios,
1760 2355 1910 2387 praesen-

1179 2400 1226 2427 tes
1254 2396 1376 2427 litteras
1393 2400 1420 2427 et
1440 2395 1471 2427 in
1490 2395 1536 2429 eis
1562 2401 1713 2430 contenta
1738 2408 1910 2441 quaecum-

1178 2459 1248 2491 que,
1267 2448 1321 2480 ubi
1348 2454 1379 2480 et
1403 2449 1531 2491 quando
1556 2459 1638 2491 opus
1657 2450 1760 2490 tuerit,
1782 2457 1813 2483 et
1831 2462 1910 2494 quo-

1179 2502 1237 2534 ties
1269 2512 1326 2544 pro
1360 2508 1449 2544 parte
1483 2503 1672 2535 eorumdem
1704 2504 1846 2545 magistri
1879 2510 1911 2537 et

1179 2555 1313 2587 militum
1329 2565 1364 2588 ac
1377 2555 1509 2588 fratrum
1526 2555 1600 2588 dicti
1616 2555 1785 2599 hospitalis
1799 2557 1833 2590 B.
1853 2557 1911 2590 Ma-

1181 2608 1534 2659 riae-'slicutouicorum
1553 2608 1670 2655 suerint
1686 2610 1845 2655 requisiti,
1862 2620 1912 2646 so-

1888 222 1935 249 Αη.
1957 220 1986 249 C.
2008 220 2074 250 1677

1926 823 2045 845 ctausuiao.

1959 2031 2098 2056 committitur

1916 2062 2011 2089 executio
2037 2067 2098 2087 prae.

1916 2089 2012 2107 sentium.
