2111 3157
33 223 82 249 An.
99 220 128 247 C.
151 218 218 246 1680

51 385 105 406 Nihil
115 384 212 407 habeant,

33 412 88 438 quod
99 412 125 431 ab
136 411 213 430 abbate

32 444 72 459 nun
88 439 213 462 acceperint,

34 471 68 491 qui
95 463 213 483 necessaria

34 491 101 511 omnia
117 489 213 514 suppedi-

34 519 78 538 tare
94 516 163 536 debet.-

804 211 1015 239 INNOCENTIUS
1036 212 1067 236 xt
1091 211 1141 235 PP.

222 271 336 299 cuntes
353 266 385 298 in
401 265 484 298 viam
508 265 666 308 accipiant
688 264 727 297 de
744 262 904 300 vestiario,
924 266 956 293 et

222 324 421 352 revertentes
447 319 628 351 restituant.
871 316 875 319 ’

267 372 449 404 Stramenta
472 376 581 403 autem
605 371 764 402 lectorum
794 366 956 400 sufficiunt

223 430 330 464 matta,
348 435 470 466 sagum,
489 425 574 463 lena,
592 428 624 456 et
639 422 793 465 capitale;
814 421 855 461 (e)
874 428 954 461 quac

226 483 332 509 tamen
358 478 441 509 lecta
465 476 654 518 frequenter
670 475 709 506 ab
727 474 842 506 abbate
869 480 956 503 scru-

226 530 321 561 tanda
345 534 427 567 sunt,
453 533 588 570 propter
612 537 693 570 opus
717 525 892 569 peculiare,
915 533 955 554 ne

227 581 419 613 inveniatur.
452 580 491 612 Et
518 579 619 612 sicui
654 578 818 610 inventum
854 574 955 612 fuerit,

229 633 316 676 quod
340 633 378 665 ab
401 633 516 664 abbate
549 641 615 664 non
640 630 815 673 acceperit,
841 626 958 670 gravis-

231 686 329 719 simae
355 684 541 726 disciplinae
566 684 739 715 subiaceat.
773 682 811 714 Et
835 686 870 712 ut
898 680 958 711 hoc

230 738 340 770 vitium
375 737 539 779 peculiare
572 735 727 768 radicitus
763 737 956 776 amputetur,

232 791 349 823 dentur
373 790 411 822 ab
436 789 551 822 abbate
577 788 685 821 omnia
710 797 790 830 quae
815 790 889 818 sunt
909 795 960 817 nc-

231 842 379 883 ccssaria,
404 842 487 874 idest
510 841 642 879 cuculla,
670 839 792 879 tunica,
816 838 958 881 pedules,

232 895 364 938 caligae,
389 894 520 933 bracile,
546 894 706 932 cultellus,
732 891 913 934 graphium,
932 900 962 922 a-

232 958 297 988 cuS‚
322 948 492 990 mappula,
517 946 664 984 tabulae,
689 950 723 976 ut
748 943 852 976 omnis
876 942 962 974 aufe-

233 1005 323 1032 ratur
346 998 547 1031 necessitatis
574 996 749 1030 excusatio.
774 997 807 1028 ‘A
833 1006 895 1038 quo
921 1000 964 1027 ta—

232 1062 306 1084 men
336 1051 451 1084 abbate
488 1060 615 1093 semper
649 1049 874 1082 consideretur
909 1048 962 1080 illa

233 1104 396 1137 sententia
429 1104 566 1136 Actuum
597 1103 844 1145 Apostolorum:
880 1100 963 1139 Quia

234 1156 372 1189 dabatur
387 1155 539 1198 sinyulis,
549 1159 646 1198 prou!
663 1155 778 1197 cuique
791 1163 869 1196 opus
882 1157 961 1185 erat.

234 1209 278 1241 Ita
304 1219 382 1251 ergo
408 1213 440 1240 et
467 1208 565 1240 abbas
590 1207 771 1240 consideret
800 1206 965 1238 infirmita-

236 1266 300 1294 tem
323 1260 547 1303 indigentium,
574 1265 605 1292 et
627 1269 693 1292 non
718 1259 835 1291 malam
859 1259 966 1290 voluu-

235 1318 333 1346 tatem
357 1313 577 1345 invidentium.
610 1311 645 1344 In
681 1310 828 1344 omnibus
858 1315 965 1342 tamen

236 1365 363 1398 iudiciis
388 1364 453 1397 suis
477 1364 533 1397 Dei
559 1363 805 1396 retributionem
835 1362 965 1405 cogitet.

503 1424 695 1446 DECLARATto.

276 1465 319 1505 (a)
347 1474 367 1495 1.
395 1464 435 1495 De
460 1474 576 1504 quarum
603 1473 697 1494 rernm
723 1463 842 1493 omnium
869 1462 965 1492 colore.

237 1513 357 1553 Propter
378 1513 452 1543 hanc
473 1522 588 1542 causam
603 1512 633 1542 in
648 1516 724 1542 statu
746 1511 906 1541 monastico
922 1520 969 1540 va-

237 1563 298 1592 rius
319 1561 438 1591 inolevit
459 1570 520 1591 mos
538 1564 566 1590 et
587 1560 710 1590 vestium
732 1560 827 1597 color,
850 1568 902 1588 nos
919 1569 969 1588 au-

237 1613 296 1640 tem
317 1609 425 1639 utimur
446 1609 541 1638 colore
562 1608 656 1646 nigro,
673 1608 704 1637 B.
728 1608 760 1637 P.
784 1607 969 1636 Benedictum

238 1661 392 1694 sectantes,
416 1656 465 1695 qui
486 1656 569 1694 nigro
591 1665 659 1685 usus
680 1660 723 1685 est
745 1655 850 1685 colore.

278 1715 308 1736 u.
331 1706 442 1735 Idcirco
468 1705 634 1735 ordinamus
662 1704 738 1743 quod
769 1713 870 1733 onmes
899 1702 971 1732 Con-

239 1755 415 1794 gregationis
436 1758 551 1784 nostrae
570 1754 704 1784 monachi
726 1754 908 1783 uniformiter
923 1754 971 1782 ea-

239 1804 305 1834 dem
331 1803 469 1842 qualitate
494 1803 644 1840 nigrorum
673 1811 852 1841 pannorum,
878 1801 971 1840 quoad

241 1852 304 1882 fieri
326 1852 442 1891 poterit,
459 1852 620 1881 vestiantur
635 1861 640 1879 :
664 1854 692 1880 et
710 1851 765 1880 hoc
780 1850 971 1887 intelligimus

241 1901 276 1931 de
297 1901 430 1937 cucullis,
453 1899 665 1939 scapularibm,
688 1899 807 1935 tunicis,
835 1897 970 1933 lacernis,

241 1949 342 1980 biretis
363 1953 391 1979 et
411 1948 545 1986 manicis,
563 1957 635 1987 quae
657 1948 775 1977 omnino
789 1947 895 1977 debent
910 1956 972 1976 esse

242 1998 318 2036 nigri
339 1997 454 2027 coloris.

282 2054 323 2075 nt.
346 2045 384 2075 De
405 2045 469 2075 aliis
491 2044 670 2074 vestimentis
700 2043 889 2074 interioribus
917 2046 974 2071 sta-

243 2093 351 2123 tuimus
374 2093 451 2132 quod
471 2092 530 2122 sint
551 2092 630 2127 alba,
654 2092 699 2121 vel
726 2092 807 2130 nigra
822 2115 829 2129 ,
854 2091 899 2121 vel
922 2091 974 2120 fcr-

243 2142 382 2180 ruginea,
406 2141 451 2171 vel
477 2140 607 2178 subalba,
631 2150 684 2170 nec
705 2141 781 2171 ullus
803 2141 858 2170 alio
880 2140 975 2170 colore

244 2193 342 2219 utatur
373 2189 491 2219 omnino
512 2189 543 2218 in
565 2189 666 2228 quovis
698 2188 820 2218 vestium
850 2197 974 2226 genere,

245 2239 360 2269 etiamsi
381 2237 575 2268 occultissime
597 2236 703 2266 deferri
722 2240 848 2276 possent.
866 2236 976 2274 Caligas

245 2291 352 2325 autem,
369 2296 422 2316 seu
442 2286 563 2322 tibialia,
580 2289 608 2315 et
629 2284 748 2324 pedules
764 2282 822 2314 albi
844 2285 977 2314 volumus

246 2345 308 2366 esse
329 2335 446 2366 coloris.
470 2334 505 2364 Et
527 2335 557 2364 in
579 2333 734 2373 praedictis
763 2332 891 2362 vestibus
918 2341 978 2362 ser-

246 2388 331 2414 vetur
351 2384 450 2414 eadem
472 2383 587 2422 penitus
609 2381 755 2421 aequatis¹
777 2384 805 2410 et
826 2381 979 2411 uniformi-

248 2436 291 2463 tas
316 2433 347 2462 in
376 2431 511 2462 omnibus
536 2435 565 2460 et
592 2439 657 2460 cum
685 2429 829 2459 omnibus.
853 2428 979 2459 Caveant

246 2481 368 2521 insuper
388 2489 488 2511 omnes
514 2489 530 2510 a
556 2478 681 2518 cingulis
702 2478 819 2517 sericis,
842 2478 892 2508 sed
919 2487 979 2508 om-

248 2529 318 2561 nino
339 2532 457 2559 utantur
478 2527 601 2566 cingulis
623 2535 658 2557 ex
680 2526 758 2556 corio
779 2526 916 2556 confectis

284 2582 297 2611 1
313 2580 412 2610 Forsan
426 2581 599 2617 aequalitas,
614 2579 656 2608 vel
671 2582 696 2610 et
711 2578 826 2607 delenda
839 2578 879 2615 (n.
894 2579 942 2614 τ.).

1035 267 1073 288 iv.
1098 257 1203 288 Eadem
1229 256 1316 287 etiam
1337 254 1519 286 uniformitas
1545 258 1678 284 servetur
1699 254 1728 283 in

998 309 1135 343 tousura3
1163 306 1236 335 itaut
1265 314 1366 335 omnes
1396 302 1529 333 monachi
1559 302 1639 332 iuxta
1668 303 1730 331 lau-

997 354 1120 383 dabilem
1143 352 1380 391 Congregationis
1402 355 1518 381 nostrae
1544 350 1731 379 cousuetudi-

998 411 1062 431 nem
1079 402 1228 437 radantur,
1246 401 1290 430 vel
1307 401 1419 437 saltem,
1437 399 1486 439 qui
1502 399 1587 428 habet
1603 398 1729 437 aliquam

998 451 1209 485 infirmitatem,
1223 451 1258 480 (le
1274 450 1394 480 licentia
1409 450 1453 479 sui
1470 448 1601 488 praelati,
1616 448 1653 477 ita
1665 451 1730 477 cute

999 503 1081 528 tenus
1102 499 1221 537 capillos
1242 499 1297 528 sibi
1320 498 1439 528 tondere
1465 497 1561 534 faciat,
1592 500 1623 526 ut
1648 505 1731 525 rasus

999 547 1116 576 omnino
1139 551 1285 585 appareat,
1308 547 1478 584 studeatque
1500 544 1619 574 barbam
1637 548 1665 574 et
1687 553 1734 573 ca-

1000 598 1050 633 put
1072 603 1163 633 aeque
1192 594 1325 623 tonderi:
1349 593 1399 632 qui
1420 597 1520 622 contra
1544 592 1645 622 fecerit
1668 600 1733 629 gra-

1000 642 1082 672 vibus
1103 642 1203 681 poeuis
1223 641 1377 671 afficiatur.

1040 689 1081 728 (b)
1104 697 1131 718 v.
1156 689 1231 724 Quod
1257 689 1339 718 vilius
1363 688 1518 727 comparari
1541 691 1637 726 potest.
1666 687 1736 717 Dili-

1001 741 1102 775 genter
1131 737 1295 766 attendatur
1327 736 1397 765 haec
1430 735 1569 774 particula
1599 735 1733 773 regulae,

1002 795 1080 822 nam,
1105 795 1171 816 cum
1194 786 1264 815 dicit
1286 785 1354 824 qaod
1378 785 1472 820 cilius,
1494 792 1608 813 omnem
1631 783 1737 822 pretio-

1002 834 1115 864 sitatem
1133 833 1322 872 habitumque
1334 833 1489 863 delicatum
1502 831 1639 861 excludit.
1656 831 1737 866 Quod

1004 882 1104 921 procul
1132 882 1220 912 dubio
1250 891 1308 911 non
1330 881 1414 910 modo
1436 889 1489 919 pro
1510 879 1640 909 vestibus
1655 903 1662 917 ,
1686 879 1736 909 sed

1005 940 1055 969 pro
1077 931 1210 961 omnibus
1232 930 1341 968 rebus,
1365 929 1471 968 quibus
1500 932 1561 958 tum
1582 928 1617 958 ad
1638 937 1739 957 neces-

1004 981 1129 1016 sitatem,
1143 984 1204 1010 tum
1221 979 1255 1009 ad
1271 979 1401 1019 corporis
1416 977 1598 1008 commodum
1616 977 1736 1015 utimur,

1005 1031 1047 1056 est
1068 1027 1281 1066 accipiendum.

1044 1085 1082 1105 vi.
1106 1076 1183 1114 Ideo,
1208 1079 1265 1105 tam
1287 1074 1453 1105 salubribus
1475 1073 1593 1112 regulae
1619 1073 1739 1103 monitis

1006 1124 1206 1162 adhaerentes,
1230 1123 1435 1153 inviolabiliter
1457 1122 1609 1152 statuimus
1627 1126 1659 1151 ut
1680 1131 1741 1152 om-

1007 1182 1057 1202 nes
1079 1173 1113 1202 de
1135 1172 1361 1211 Congregatione
1390 1172 1489 1201 nostra
1503 1193 1511 1208 ,
1534 1175 1592 1200 tam
1619 1170 1741 1209 praelati

1007 1231 1092 1261 quam
1121 1222 1189 1259 alii,
1219 1221 1374 1259 diligenter
1404 1220 1577 1257 advertant,
1605 1219 1681 1258 quod
1709 1219 1740 1248 in

1008 1270 1099 1308 pretio
1121 1274 1169 1299 aut
1192 1279 1245 1298 usu
1267 1277 1408 1308 equorum
1426 1268 1563 1298 scandalo
1579 1271 1627 1296 aut
1649 1267 1742 1296 admi-

1008 1318 1111 1347 rationi
1134 1327 1191 1347 non
1213 1318 1271 1347 sint
1292 1315 1509 1352 saecularibus,
1533 1316 1655 1354 aliisque
1678 1315 1743 1354 qui-

1008 1366 1187 1404 buscumque
1209 1365 1352 1404 personis.

1048 1423 1097 1444 vu.
1120 1414 1262 1453 Ephippia
1284 1413 1383 1451 etiam,
1406 1412 1601 1452 phaleraeque
1624 1421 1740 1442 eorum-

1010 1462 1074 1493 dem
1090 1487 1097 1500 ,
1120 1462 1200 1492 iuxta
1231 1461 1438 1492 Clementinam
1466 1461 1505 1491 Ne
1528 1462 1554 1490 in
1577 1470 1661 1498 ayro,
1686 1470 1743 1490 non

1011 1511 1079 1547 sint,
1102 1511 1157 1540 nisi
1180 1514 1319 1549 quantum
1342 1509 1498 1539 necessitas
1520 1509 1669 1547 exposcit,
1693 1509 1745 1538 ali-

1012 1568 1068 1598 quo
1095 1562 1265 1588 ornamento
1295 1557 1428 1587 munita:
1451 1557 1480 1586 in
1511 1556 1652 1586 vehiculis
1674 1566 1746 1595 quo-

1012 1615 1068 1646 que
1094 1606 1200 1636 vitetur
1228 1606 1345 1636 omnino
1374 1605 1459 1635 luxus
1486 1608 1513 1634 et
1534 1605 1744 1644 superfluitas:

1014 1655 1100 1694 pallia
1122 1665 1190 1685 vero
1213 1655 1271 1684 sint
1299 1655 1334 1684 de
1356 1654 1471 1690 rascia,
1496 1654 1539 1682 vel
1562 1653 1597 1683 de
1628 1662 1748 1692 panno„

1013 1703 1171 1733 secundum
1190 1702 1429 1733 consuetudinem
1445 1701 1682 1740 Congregatiouis
1697 1710 1747 1730 no-

1013 1755 1112 1788 strae,
1136 1761 1194 1781 non
1226 1752 1368 1781 laicorum
1400 1760 1480 1780 more
1512 1754 1669 1785 exornata,
1698 1749 1748 1779 sed

1014 1809 1087 1839 quae
1118 1800 1279 1829 secundum
1312 1800 1442 1838 regulam
1475 1799 1560 1828 vilius
1593 1802 1621 1828 et
1647 1799 1747 1828 utilius

1014 1848 1177 1887 comparari
1199 1850 1334 1886 possunt:
1352 1846 1419 1886 pilei
1442 1856 1556 1886 quoque
1578 1846 1637 1876 siut
1659 1846 1747 1884 lanei,

1014 1902 1042 1927 et
1063 1897 1191 1927 decentis
1213 1897 1341 1926 formae:
1365 1896 1415 1935 qui
1436 1895 1520 1925 aliter
1542 1895 1674 1933 fecerint,
1692 1895 1751 1933 pri-

1016 1949 1120 1975 ventur
1142 1945 1199 1974 illis
1217 1948 1244 1974 et
1267 1944 1436 1984 puniantur.

1054 2002 1114 2023 vlu.
1143 1993 1255 2023 Vitetur
1283 1992 1437 2022 curiositas
1464 1995 1492 2021 et
1522 1992 1687 2031 pretiositas
1718 1991 1749 2021 in

1016 2041 1162 2078 cultellis,
1195 2040 1301 2070 tabulis
1319 2063 1326 2078 ‚
1360 2039 1545 2077 calcaribus,
1570 2039 1664 2069 ocreis
1684 2063 1691 2077 ,
1722 2042 1751 2068 et

1017 2089 1149 2119 omnibus
1171 2088 1256 2118 rebus
1277 2088 1383 2127 quibus
1414 2087 1539 2118 utimur:
1569 2087 1750 2116 considerato

1017 2138 1093 2177 quod
1115 2138 1214 2176 regula
1236 2137 1410 2167 monachum
1426 2140 1523 2166 monet
1545 2135 1674 2174 qualibet
1696 2135 1754 2165 uti-

1018 2188 1113 2217 litate¹
1135 2191 1163 2216 et
1185 2185 1365 2216 extremitate
1388 2194 1450 2214 esse
1472 2188 1650 2214 contentum.

1057 2244 1094 2265 tx.
1117 2234 1290 2265 Ordinamus
1312 2236 1409 2263 autem
1438 2232 1574 2271 praelatis
1596 2236 1750 2272 quatenus,

1019 2283 1081 2313 visa
1102 2283 1264 2321 indigentia
1285 2281 1425 2320 cuiusque
1451 2281 1585 2311 monachi
1608 2281 1653 2311 vel
1674 2291 1754 2311 com·-

1020 2332 1112 2369 missi,
1137 2341 1171 2361 ex
1193 2331 1356 2361 inventario
1373 2330 1422 2368 (de
1443 2338 1499 2369 quo
1520 2330 1595 2360 infra
1616 2339 1646 2360 n.
1669 2331 1752 2369 xvm)

1020 2380 1225 2417 determinent,
1242 2388 1308 2409 cum
1323 2379 1401 2408 omni
1417 2378 1558 2408 charitate
1580 2387 1612 2408 ac
1634 2380 1755 2418 paterna

1020 2428 1208 2466 benignitate,
1228 2437 1301 2467 quae
1324 2427 1494 2456 vestimenta
1516 2426 1639 2464 singulis
1661 2427 1754 2457 (lauda

1021 2480 1124 2515 erunt,
1148 2484 1256 2515 eaque,
1279 2476 1308 2505 in
1331 2474 1415 2504 libris
1438 2474 1567 2504 vestiarii
1589 2474 1752 2513 descripta,

1022 2529 1123 2555 curent
1144 2524 1359 2564 quamprimum
1381 2522 1443 2553 dari
1470 2526 1590 2554 consuta
1611 2526 1639 2553 ct
1661 2523 1756 2562 perfe-

1059 2578 1070 2604 1
1092 2576 1192 2606 Forsan
1211 2577 1320 2606 vilitate
1338 2576 1377 2612 (a.
1394 2576 1442 2612 r).

1621 196 1685 231 3⁶23
1731 206 1781 233 An.
1800 206 1828 233 c.
1849 206 1920 234 1680
