2111 3157
9 194 58 220 An.
73 195 103 220 b.
125 192 192 220 1679

27 1305 115 1327 sanctio

774 194 986 219 INNOCENTH'S
1008 195 1038 218 Χῖ
1064 195 1112 219 Pr.

199 248 231 276 et
254 242 315 276 alia
339 254 560 288 quaecumque
584 243 664 283 iura,
690 243 929 287 praerogativas
949 247 951 286 Ι1
973 243 1164 275 violabiliter
1200 243 1390 284 observent,
1421 244 1460 276 ab
1493 244 1642 278 omnibus
1674 250 1705 278 et

200 302 230 329 et
258 297 428 340 privilegia
459 298 664 341 provincialis
695 298 832 329 absoluti
865 303 951 335 tum1

198 349 283 382 iutra
314 356 378 383 tum
412 357 499 383 extra
529 350 744 383 definitorium
776 350 928 392 deinceps

198 413 327 445 semper
340 403 472 436 habere.
493 404 529 436 Et
551 405 688 443 tandem,
708 414 778 435 cum
797 407 927 435 nostrae

198 456 453 496 constitutiones,
480 462 562 499 part.
591 467 635 497 ιη,
662 468 731 499 cap.
756 466 794 493 ix,
821 456 949 505 dispo-2

198 514 284 548 nant,
309 514 343 540 ut.
366 509 398 541 in
423 519 509 548 casu,
534 520 596 552 quo
622 508 839 542 delinitorium
866 508 928 551 pri-

197 567 302 593 vatum
318 566 389 604 post
406 562 691 604 congregationem
705 561 926 593 intermediam

195 613 322 656 priores
346 613 451 647 officio
476 614 598 656 privet,
625 624 704 646 nova
736 613 851 646 electio
879 614 926 646 vel

195 666 335 708 provisio
361 666 468 698 vicarii
495 666 624 709 prioris,
652 677 732 709 quae
758 671 832 698 tuuc
856 666 926 698 fieri

195 718 300 758 debet,
326 719 364 751 ad
390 719 586 761 praedictum
613 719 831 752 definitorium
862 719 926 761 pri-

194 776 302 802 vatum
327 771 509 813 pertineat;
537 771 721 804 huiusmodi
743 772 927 814 dispositio-

194 833 267 855 nem
293 823 388 856 etiam
415 824 453 857 de
481 824 696 858 declaratione
722 825 923 868 privationis,

194 885 319 908 necnon
346 876 378 908 in
411 887 486 908 casu
523 888 585 920 quo
618 877 697 910 alius
730 878 924 920 quicumque

195 929 339 961 officialis
365 940 473 962 vocem
507 931 641 963 activam
670 931 793 963 babens
818 931 924 963 officio

192 981 338 1024 privetur
361 983 410 1015 vel
436 983 575 1025 privatus
601 983 791 1023 declaretur,
811 984 925 1016 intelli·

193 1034 329 1075 gendam
366 1045 436 1067 esse
472 1036 695 1068 declaramus:
729 1036 856 1068 irritum
889 1047 925 1069 ac

192 1086 287 1119 inane
313 1087 385 1129 ipso
412 1088 492 1121 sacto
518 1094 549 1120 et
573 1088 694 1131 absque
725 1088 786 1121 alia
820 1089 925 1121 decla-

191 1139 315 1172 ratione
340 1140 567 1179 decernentes,
591 1141 617 1172 si
642 1151 731 1173 secus
750 1152 850 1184 super
875 1141 924 1173 liis

193 1191 307 1234 quovis
340 1192 437 1225 modo
470 1192 538 1225 fieri
571 1194 620 1226 vel
649 1193 799 1226 attentari
823 1194 926 1227 conti-

195 1245 291 1287 gerit.

238 1307 330 1330 xxxxi.
358 1297 397 1330 Ut
421 1303 525 1331 autem
557 1299 739 1342 praesentia
764 1300 845 1332 haec
868 1310 926 1332 no-

193 1355 259 1382 stra
290 1350 441 1390 decreta,
466 1357 604 1392 statuta,
639 1352 860 1385 ordinationes
894 1358 926 1385 et

193 1401 452 1443 declarationes,
479 1414 560 1446 quae
593 1414 664 1437 cum
694 1406 791 1447 plena
814 1405 925 1447 cogni-

192 1455 279 1488 tione
304 1466 419 1488 causae
445 1466 503 1498 pro
530 1457 760 1490 reformatione
785 1464 817 1491 et
838 1458 923 1491 bono

190 1508 346 1551 regimine
373 1508 614 1542 istius‘nostrae
635 1510 821 1554 provinciae
847 1510 922 1549 Qui-

190 1562 289 1594 tensis
327 1572 343 1594 a
378 1562 472 1594 nobis
504 1566 627 1596 matura
658 1564 922 1598 consideratione

191 1614 276 1650 edita
301 1614 408 1653 suere,
435 1614 556 1647 firmius
589 1616 785 1656 consistant,
812 1617 921 1649 stricte

190 1666 406 1709 praecipimus
430 1668 609 1700 reverendo
627 1669 709 1711 patri
734 1669 921 1711 provinciali

190 1729 246 1751 seu
270 1720 388 1752 rectori
415 1720 624 1762 provinciae,
652 1721 867 1765 omnibusque
893 1728 923 1754 et

189 1771 325 1813 singulis
358 1773 546 1805 reverendis
578 1773 723 1816 patribus
749 1774 921 1808 definitorii

189 1825 377 1868 praedictae
403 1827 596 1869 provinciae,
615 1838 701 1860 nunc
719 1834 749 1861 ct
770 1839 827 1872 pro
848 1835 923 1861 tcm-

189 1888 266 1920 pore
291 1878 514 1919 existentibus,
540 1880 572 1912 in
599 1881 747 1913 meritum
773 1882 920 1914 salutaris

189 1931 406 1972 obedientiae,
422 1934 481 1965 sub
497 1934 684 1966 rebellionis
702 1939 842 1974 nostrae,
859 1935 921 1977 pri-

187 1984 325 2017 vationis
356 1985 442 2018 vocis
479 1986 598 2019 activae
631 1992 661 2019 et
694 1986 837 2029 passivae
864 1999 921 2030 per

190 2035 390 2077 decennium,
405 2039 572 2080 graduum,
593 2039 770 2072 officiorum
791 2050 917 2073 necnon

189 2091 529 2124 excommunicationis
563 2092 695 2125 maioris
733 2094 816 2126 latae
848 2105 919 2127 sen-

189 2143 318 2183 tentiae,
345 2155 441 2187 quam
467 2144 527 2177 bac
551 2147 614 2177 una
638 2155 697 2188 pro
725 2145 805 2178 trina
830 2158 919 2179 cano-

188 2196 260 2231 nica
285 2197 461 2229 monitione
487 2198 663 2240 praemissa
687 2198 719 2230 in
744 2199 794 2231 his
822 2201 920 2243 scrip-

188 2248 236 2289 tis,
262 2249 338 2282 licet
363 2249 461 2289 inviti,
489 2250 639 2290 serimus,
666 2251 735 2294 ipso
763 2252 846 2285 sacto
872 2252 919 2284 in-

188 2303 354 2336 currendis
375 2304 498 2346 poenis,
517 2304 682 2347 quatenus,
698 2305 782 2337 omni
799 2311 829 2338 et
847 2317 919 2348 qua-

189 2365 324 2398 cumque
357 2356 592 2399 supplicatione
632 2361 663 2389 et
701 2358 918 2400 appellatione

187 2410 318 2447 remota,
344 2409 452 2441 omnia
478 2414 508 2441 ct
534 2409 659 2451 singula
685 2410 834 2450 decreta,
857 2418 918 2443 sta-

189 2465 264 2499 tuta,
279 2461 500 2495 ordinationes
516 2467 546 2494 et
560 2462 805 2502 declarationes,
821 2464 852 2495 in
868 2464 918 2497 liis

187 2512 303 2545 litteris
328 2519 485 2553 contenta,
513 2515 544 2547 in
571 2514 710 2557 capitulo
733 2516 829 2549 etiam
854 2517 918 2559 pri-

186 2570 259 2599 vato
283 2565 406 2609 integre
430 2568 609 2611 recipiant,
640 2568 677 2601 ad
707 2568 843 2602 li‘teram
868 2570 916 2602 in-

972 295 1108 337 siugulis
1124 296 1303 339 respective
1325 297 1370 329 sic
1395 297 1557 330 observari
1576 298 1704 338 saciant,

972 354 1003 380 et
1023 349 1087 381 ulla
1107 349 1175 381 sine
1197 351 1285 382 mora
1303 349 1511 393 exequutioni
1528 351 1700 391 mandent;

972 411 1035 434 non
1061 403 1262 435 obstantibus
1289 404 1544 447 quibuscumque
1572 405 1703 447 provin-

971 453 1036 485 ciae
1051 453 1308 495 delinitionibus,
1322 456 1412 496 actis,
1432 457 1558 489 statutis
1579 462 1611 489 et
1631 468 1703 490 con-

971 507 1216 547 suetudinibus,
1244 509 1340 541 etiam
1368 510 1699 549 immemorabilibus,

947 552 949 568 '¹
970 569 1096 591 necnon
1121 560 1239 594 nostris
1263 562 1313 594 vel
1338 563 1619 604 praedecessorum
1647 575 1703 598 ne-

970 616 1109 644 strorum
1135 613 1294 654 decretis,
1321 615 1463 654 statutis,
1490 615 1702 649 ordinationi-

970 663 1029 695 bus
1066 669 1097 696 et
1132 665 1407 699 declarationibus
1442 667 1473 699 in
1505 669 1702 701 contrarium

969 716 1217 757 praemissorum
1237 719 1480 761 quomodolibet
1500 722 1699 764 approbatis,

970 767 1173 809 confirmatis,
1194 770 1362 812 innovatis,
1382 773 1546 805 concessis
1567 779 1599 806 et
1616 784 1703 806 ema·

970 820 1071 860 natis,
1099 832 1180 864 quae
1199 823 1305 856 omnia
1331 829 1362 856 et
1386 825 1520 866 singula,
1546 825 1578 857 in
1599 837 1702 869 quan-

969 876 1033 905 tum
1059 875 1285 916 praesentibus
1318 877 1547 918 adversantur,
1574 889 1703 912 revoca-

968 935 1037 957 mus
1064 932 1094 958 et
1119 929 1336 968 annullamus,
1364 934 1395 961 et
1421 936 1569 963 revocata
1596 937 1626 963 et
1649 942 1704 964 an-

968 979 1089 1010 nullata
1127 990 1195 1012 esse
1227 982 1374 1013 volumus
1407 987 1439 1014 et
1472 983 1700 1025 declaramus,

969 1030 1059 1062 sicuti
1086 1032 1181 1064 etiam
1208 1034 1269 1065 alia
1287 1045 1303 1066 a
1321 1035 1412 1067 nobis
1437 1035 1575 1076 decreta,
1595 1036 1645 1069 die
1665 1048 1702 1071 xx

969 1083 1088 1115 mensis
1109 1086 1290 1118 novembris
1307 1097 1452 1120 MDCLxxv
1469 1099 1529 1132 pro
1554 1089 1614 1122 ista
1632 1100 1703 1132 pro-

968 1136 1070 1169 vincia
1085 1137 1228 1175 Quiteusi
1242 1140 1336 1179 edita,
1352 1146 1465 1174 tenore
1483 1143 1702 1185 praesentium

968 1199 1154 1223 revocamus
1180 1197 1211 1223 et
1236 1193 1459 1234 annullamus,
1486 1201 1701 1239 revocataque

969 1247 1001 1273 et
1025 1244 1189 1276 annullata
1218 1255 1289 1277 esse
1326 1246 1471 1279 volumus
1500 1253 1532 1280 et
1556 1248 1702 1281 declara-

969 1305 1048 1335 mus,
1068 1297 1258 1330 mandantes
1286 1304 1321 1330 ut
1346 1299 1384 1331 ad
1411 1310 1469 1332 nos
1496 1311 1568 1332 curn
1587 1301 1700 1334 effectu

969 1350 1245 1391 transmittantur3
1272 1352 1489 1395 praecipimus
1508 1354 1643 1396 insuper
1659 1354 1701 1387 ei-

968 1401 1039 1434 dem
1073 1403 1155 1445 patri
1188 1404 1374 1446 provinciali
1406 1416 1461 1438 seu
1487 1407 1602 1439 rectori
1627 1417 1702 1450 pro-

967 1454 1103 1495 vinciae,
1130 1467 1216 1489 nunc
1241 1463 1272 1490 et
1292 1469 1352 1501 pro
1379 1464 1524 1502 tempore
1539 1460 1699 1499 existenti,

967 1509 1025 1541 sub
1051 1509 1171 1542 eisdem
1196 1511 1321 1553 poenis,
1341 1517 1376 1543 ut
1400 1513 1565 1555 perpetuis
1587 1513 1700 1546 suturis

969 1563 1178 1604 temporibus,
1200 1568 1273 1596 ante
1310 1565 1569 1607 recognitionem
1600 1567 1700 1608 patris

966 1615 1193 1657 praesidentis,
1221 1617 1252 1648 in
1274 1617 1420 1659 capitulis
1446 1619 1700 1661 provincialibus

967 1673 998 1700 et
1023 1668 1054 1701 in
1079 1670 1385 1712 congregationibus
1417 1671 1618 1704 intermediis
1650 1683 1700 1705 re-

966 1720 1126 1763 spective,
1158 1733 1266 1755 coram
1300 1724 1450 1756 omnibus
1486 1725 1631 1767 patribus
1664 1735 1701 1758 ao

968 1774 1140 1813 fratribus,
1167 1775 1246 1808 hora
1271 1786 1352 1818 quae
1386 1782 1568 1819 opportuna
1601 1777 1628 1810 ei
1655 1778 1700 1810 vi-

967 1827 1091 1867 deatur,
1119 1828 1199 1860 liaeo
1223 1835 1332 1861 nostra
1358 1829 1499 1869 decreta,
1526 1830 1700 1863 ordinatio·

966 1889 1032 1918 nes,
1058 1885 1175 1912 statuta
1200 1886 1232 1912 et
1256 1881 1491 1914 declarationes
1516 1883 1639 1925 perlegi
1656 1883 1700 1915 sa·

965 1932 1045 1972 ciat,
1072 1943 1107 1965 ac
1132 1933 1163 1965 in
1197 1933 1280 1966 libro
1306 1935 1489 1976 provinciae
1515 1936 1695 1976 transcribi,

965 1989 996 2016 et
1014 1995 1127 2018 eorum
1154 1986 1372 2020 authenticam
1390 1988 1516 2031 copiam
1534 1989 1572 2021 ad
1587 1999 1698 2021 omnes

964 2043 1142 2070 conventus
1176 2039 1278 2071 dictae
1312 2040 1496 2082 provinciae
1522 2041 1697 2073 transmitti

963 2096 1066 2130 curet;
1090 2101 1222 2133 quorum
1248 2092 1412 2135 prioribus
1439 2103 1494 2126 seu
1520 2093 1698 2136 superiori-

962 2144 1021 2176 bus
1047 2144 1203 2177 localibus
1229 2156 1315 2177 nunc
1340 2152 1370 2179 et
1394 2157 1453 2189 pro
1472 2152 1617 2188 tempore
1637 2146 1697 2180 exi-

963 2198 1121 2230 stentibus
1147 2199 1241 2231 etiam
1268 2199 1493 2242 praecipimus,
1509 2200 1568 2232 sub
1593 2202 1696 2242 poena

963 2251 1190 2294 suspensionis
1215 2252 1253 2283 ab
1280 2251 1386 2283 officio
1409 2262 1467 2294 per
1487 2262 1541 2285 sex
1566 2262 1695 2285 menses

962 2304 1032 2346 ipso
1060 2304 1140 2337 sacto
1163 2304 1367 2344 incurrenda,
1394 2310 1428 2337 ut
1453 2305 1565 2337 eadem
1592 2304 1696 2347 singu-

962 2357 1000 2390 lis
1027 2357 1117 2389 annis
1142 2357 1224 2389 infra
1254 2358 1533 2400 spiadragesinlale
1569 2363 1694 2401 tempus

962 2410 1089 2452 publice
1101 2420 1207 2442 coram
1219 2410 1365 2442 omnibus
1380 2411 1442 2452 legi
1457 2409 1596 2444 saeianr.
1610 2410 1695 2445 [laec

961 2468 1065 2495 autem
1091 2468 1201 2496 nostra
1220 2463 1360 2503 decreta,
1380 2463 1610 2505 ordinationes,
1630 2468 1700 2498 sta-

997 2578 1006 2604 1
1030 2577 1095 2605 Male
1111 2577 1174 2605 edit.
1192 2578 1269 2605 Main.
1286 2578 1351 2614 legit
1363 2579 1451 2614 faciat
1465 2580 1502 2614 (R.
1514 2580 1564 2613 ⁵1¹.)-

1597 186 1662 220 ¹165
1708 197 1756 224 An.
1774 198 1802 225 c.
1830 198 1898 226 1679
