2111 3157
0 213 16 232 1.
33 203 62 230 C.
85 200 148 228 1681

0 472 25 494 De
46 471 149 493 consessa-

0 506 14 520 ι.

55 2295 181 2322 Praecipiun-

7 2321 89 2343 int-ilaei
116 2324 182 2350 publi-

7 2351 68 2370 cauo.

737 190 948 218 INNOCENTIUS
968 191 999 214 XI
1023 190 1072 213 PP-

1563 172 1628 205 419

157 253 291 286 mutare,
317 248 365 281 vel
389 248 422 279 in
443 245 529 279 aliud
553 243 736 288 proximum
760 247 889 283 tempus
908 239 910 255 '
930 238 1126 280 buscumque
1151 233 1326 268 Ordinariis
1345 233 1494 265 locorum
1519 230 1667 262 ubicum-

157 311 337 345 prorogare
361 299 472 343 possit,
490 308 590 341 eaque
608 296 788 338 iniungere,
809 302 889 335 quae

158 353 220 396 ipsi
241 352 445 396 poenitentes
468 350 597 383 efficere
623 351 784 391 poterunt,
806 343 891 388 pari-

161 411 210 438 ter
226 405 435 439 concedimus
453 408 483 436 et
503 403 721 444 indulgemus.

204 459 218 501 ἓ
242 457 273 490 3.
294 457 428 500 Insuper
444 456 594 489 omnibus
611 460 642 486 et
659 451 792 494 singulis
810 449 893 482 chri-

161 510 351 544 stifidelibus
375 509 540 550 utriusque
574 516 668 540 sexus
702 511 764 537 tam
799 501 891 536 laicis

162 572 257 606 quam
283 560 517 599 ecclesiasticis,
548 557 766 592 saecularibus
792 560 823 588 et
846 565 893 587 re·

162 613 328 656 gularibus
344 612 483 645 cuiusvis
503 611 642 650 Ordinis,
669 607 894 652 congregatio-

163 667 212 700 nis
238 672 269 699 et
292 665 449 704 instituti,
473 670 536 697 tam
559 664 593 696 in
616 663 701 696 Urbe
725 661 868 705 praefata
884 685 892 699 ,

165 729 259 762 quam
285 722 372 750 extra
395 727 488 756 eam,
524 716 645 758 ubique
677 716 824 747 locorum
859 715 895 743 ut

163 770 347 814 praefertur
371 769 573 811 degentibus,
592 767 757 801 licentiam
782 774 895 798 conce-

165 817 268 856 dimus
292 832 327 855 ac
351 822 550 861 facultatem,
574 826 611 853 ut
639 820 700 852 sibi
732 819 772 851 ad
808 818 895 850 hunc

166 874 314 908 effectum
349 874 469 917 eligere
505 874 632 917 possint
661 881 894 916 quemcumque

166 927 389 970 presbyterum
413 926 642 960 confessarium
666 930 730 958 tam
754 925 897 958 saecula-

167 990 236 1012 rem
260 989 353 1022 quam
377 979 518 1012 cuiusvis
541 978 670 1011 Ordinis
696 982 728 1010 et
758 977 896 1010 instituti

168 1033 352 1074 regularem
365 1042 402 1064 ex
416 1031 612 1074 approbatis,
625 1037 661 1063 ut
673 1030 896 1074 praemittitur,

169 1095 187 1117 a
205 1085 350 1116 locorum
367 1084 555 1123 Ordinariis,
573 1083 627 1127 qui
646 1094 700 1117 eos
718 1085 757 1116 ab
776 1094 899 1116 excom-

169 1136 409 1176 municationis,
436 1135 658 1179 suspensionis
687 1141 719 1168 et
744 1135 814 1168 aliis
851 1145 901 1168 cc-

170 1188 358 1221 clesiasticis
383 1189 550 1221 sententiis
571 1193 602 1220 et
618 1188 774 1228 censuris,
798 1199 815 1220 a
831 1189 900 1220 iure

170 1241 221 1273 vel
257 1240 296 1272 ab
328 1240 468 1279 homine,
505 1240 615 1282 quavis
650 1239 818 1272 occasione
852 1241 900 1272 vel

172 1295 268 1325 causa
290 1292 362 1325 latis
386 1303 442 1325 seu
466 1293 606 1333 inflictis,
624 1303 754 1325 necnon
779 1292 817 1326 ab
836 1303 903 1325 om-

173 1345 266 1378 nibus
299 1345 447 1388 peccatis,
485 1346 678 1385 excessibus,
716 1345 902 1378 criminibus

173 1404 205 1432 et
228 1398 365 1438 delictis,
383 1399 582 1442 quantumvis
599 1398 748 1442 gravibus
766 1403 798 1431 et
814 1408 903 1431 enor-

174 1451 291 1490 mibus,
316 1451 410 1484 etiam
445 1453 590 1484 locorum
625 1451 810 1491 Ordinariis,
849 1463 904 1485 seu

175 1504 270 1538 nobis
300 1509 332 1538 et
364 1504 439 1537 Sedi
463 1504 668 1547 Apostolicae
686 1531 694 1545 ,
721 1505 816 1537 etiam
846 1515 906 1548 per

176 1557 299 1590 litteras
316 1557 366 1590 die
383 1557 508 1589 Coenae
522 1557 648 1590 Domini
664 1557 726 1600 legi
742 1557 862 1597 solitas,
876 1562 908 1589 et

177 1610 255 1644 alias
280 1621 499 1654 quascumque
525 1616 651 1643 nostras
676 1615 730 1642 aut
754 1610 908 1643 Romano-

177 1675 250 1697 rum
270 1662 456 1696 Pontificum
474 1664 764 1706 praedecessorum
784 1668 911 1696 nostro-

179 1727 249 1749 rum
263 1715 517 1753 constitutiones
533 1726 669 1758 quarum
684 1721 813 1749 tenores
822 1725 910 1758 prae-

179 1765 323 1798 sentibus
346 1763 459 1796 haberi
483 1765 629 1796 volumus
654 1775 713 1806 pro
740 1763 909 1807 expressis,

181 1817 482 1862 quomodocumque
502 1817 681 1856 reservatis,
702 1817 735 1849 in
754 1817 823 1849 foro
840 1826 911 1849 con-

182 1871 344 1910 scientiae,
370 1875 401 1902 et
424 1869 486 1902 hac
502 1869 569 1901 vice
591 1874 725 1910 tantum,
744 1869 910 1902 absolvere

183 1929 214 1957 et
230 1923 368 1956 liberare
385 1923 504 1961 valeat,
526 1926 557 1954 et
577 1921 708 1964 insuper
728 1927 800 1954 vota
818 1932 914 1964 quae-

184 1986 318 2019 cumque
337 1974 519 2017 (religionis
535 1979 567 2006 et
583 1974 739 2006 castitatis
757 1974 913 2017 exceptis)

184 2030 217 2062 in
231 2029 293 2062 alia
309 2028 363 2071 pia
380 2031 412 2059 et
429 2026 577 2059 salutaria
593 2037 693 2069 opera
709 2032 916 2065 commutare,

185 2081 328 2115 iniuncta
350 2085 458 2112 tamen
483 2080 529 2112 eis
555 2084 585 2111 et
604 2089 715 2111 eorum
735 2079 865 2111 cuilibet
885 2079 917 2111 iu

187 2132 378 2178 supradictis
397 2131 553 2165 ’omnibus
571 2131 695 2163 casibus
719 2130 920 2173 poenitentia

188 2186 328 2225 salutari,
347 2185 481 2228 aliisque
499 2184 640 2217 eiusdem
661 2183 850 2216 confessarii
872 2194 920 2215 ar-

188 2239 286 2272 bitrio
307 2237 525 2280 iniungendis.

234 2292 249 2335 5
271 2291 302 2324 4.
329 2291 532 2333 Quapropter
563 2294 675 2321 tenore
699 2289 921 2331 praesentium

192 2344 226 2376 in
247 2344 363 2376 virtute
393 2348 519 2375 sanctae
544 2340 748 2374 obedientiae
778 2341 921 2374 districte

192 2395 408 2440 praecipimus
432 2400 526 2438 atque
551 2394 741 2426 mandamus
772 2393 922 2426 omnibus

195 2453 226 2482 et
249 2448 502 2492 quibuscumque
518 2445 755 2480 venerabilibus
773 2445 923 2478 fratribus

196 2501 395 2545 patriarchis,
421 2498 675 2542 archiepiscopis
699 2502 730 2530 et
754 2497 923 2540 episcopis,

932 300 993 333 que
1020 288 1242 326 existentibus,
1270 294 1448 327 eorumque
1484 282 1611 315 vicariis
1636 286 1668 313 et

933 341 1134 380 officialibus,
1169 340 1229 379 vel,
1261 338 1306 371 eis
1332 336 1566 374 deficientibus,
1603 334 1668 366 illis

934 394 987 437 qui
1012 404 1120 426 curam
1144 393 1322 425 animarum
1347 395 1510 428 exercent,
1532 393 1575 428 ut,
1595 397 1668 419 cum

933 445 1153 489 praesentium
1177 444 1355 477 litterarum
1380 444 1579 482 transumpta
1612 449 1667 470 seu

934 498 1089 540 exempla,
1108 496 1204 529 etiam
1222 495 1384 537 impressa,
1401 492 1594 534 acceperint,
1612 490 1669 522 illa

935 549 1050 589 statim,
1070 555 1100 581 et
1117 548 1240 590 absque
1253 547 1318 578 ulta
1332 547 1429 584 mora,
1449 543 1668 576 retardatione

934 603 984 634 vel
1009 601 1252 644 impedimento,
1277 608 1336 641 per
1359 608 1437 630 suas
1460 596 1612 629 ecclesias
1638 599 1671 626 ct

936 654 1112 692 dloeceses,
1138 651 1330 695 provincias,
1355 649 1508 687 civitates,
1536 648 1667 691 oppida,

937 711 1036 738 terras
1061 709 1092 737 et
1116 705 1188 736 loca
1212 703 1380 746 publicent
1401 707 1432 734 et
1449 699 1606 742 publicari
1628 700 1671 730 fa-

936 759 1032 798 ciant,
1059 756 1294 799 ecclesiamque
1327 765 1382 787 seu
1415 753 1567 787 ecclesias
1598 751 1672 784 visi-

937 810 1050 844 tandas
1067 809 1247 851 designent.

981 863 996 906 g
1019 862 1051 897 5.
1076 862 1146 895 Non
1170 860 1368 894 intendimus
1386 863 1491 892 autem
1508 868 1568 902 per
1584 867 1672 900 prae-

939 921 1046 948 sentes
1061 925 1160 957 super
1173 914 1280 957 aliqua
1292 911 1528 955 irregularitate
1542 909 1674 953 publiea

938 969 987 1001 vel
1012 968 1149 1006 occulta,
1175 968 1260 1005 nota,
1286 965 1424 1004 defectu,
1451 962 1671 1006 incapacitate,

940 1031 997 1054 seu
1020 1019 1223 1052 inhabilitate
1248 1017 1480 1061 quoquomodo
1508 1016 1675 1048 contracta

942 1074 1147 1116 dispensare,
1172 1072 1222 1104 vel
1246 1071 1387 1113 aliquam
1414 1070 1598 1101 facultatem
1620 1067 1675 1098 tri-

942 1127 1043 1158 buere
1069 1123 1280 1167 dispensandi
1306 1133 1360 1155 seu
1378 1120 1569 1154 habilitandi
1594 1119 1675 1152 etin

943 1178 1114 1221 pristinum
1139 1182 1254 1209 statum
1279 1173 1484 1213 restituendi,
1511 1173 1608 1205 etiam
1643 1172 1676 1203 in

945 1232 1014 1264 foro
1039 1228 1269 1262 conscientiae:
1294 1237 1400 1270 neque
1426 1226 1523 1258 etiam
1547 1225 1677 1257 easdem

945 1288 1132 1326 praesentes
1157 1281 1216 1321 iis,
1243 1280 1296 1323 qui
1320 1291 1336 1312 a
1361 1279 1455 1312 nobis
1485 1284 1516 1311 et
1540 1278 1678 1319 Aposto-

946 1337 1006 1369 lica
1028 1336 1120 1374 Sede,
1153 1335 1202 1367 vel
1228 1334 1266 1365 ab
1297 1333 1407 1375 aliquo
1441 1332 1585 1374 praelato
1622 1340 1678 1361 seu

946 1387 1050 1421 iudice
1075 1385 1292 1420 ecclesiastico
1314 1383 1593 1422 excommunicati,
1618 1392 1681 1413 sus-

946 1440 1049 1484 pensi,
1076 1438 1251 1478 interdicti,
1269 1448 1325 1470 seu
1345 1438 1424 1470 alias
1450 1437 1481 1468 111
1503 1434 1681 1468 sententias

948 1500 980 1527 et
1003 1504 1153 1526 censuras
1178 1491 1331 1524 incidisse
1362 1489 1515 1523 declarati
1540 1489 1590 1521 vel
1625 1498 1683 1530 pu-

947 1546 1031 1579 blice
1057 1545 1242 1578 denunciati
1267 1543 1398 1582 fuerint,
1414 1542 1474 1574 nisi
1496 1542 1581 1573 intra
1606 1546 1684 1572 tem-

949 1609 1009 1642 pus
1042 1597 1197 1630 dictarum
1234 1596 1367 1629 duarum
1407 1593 1684 1627 hebdomadarum

950 1651 1172 1689 satisfecerint,
1199 1654 1253 1682 aut
1276 1658 1346 1680 cum
1371 1647 1515 1690 partibus
1550 1655 1685 1678 concor-

953 1704 1104 1743 daverint,
1124 1704 1192 1736 ullo
1209 1701 1306 1735 modo
1326 1699 1492 1742 suffragari
1509 1709 1603 1742 posse
1632 1701 1687 1729 aut

953 1757 1083 1790 debere.

996 1811 1011 1852 ἓ
1033 1809 1065 1842 6.
1092 1808 1160 1842 Non
1178 1807 1383 1841 obstantibus
1401 1804 1686 1838 constitutionibus

954 1867 986 1895 et
1003 1861 1261 1894 ordinationibus
1282 1858 1475 1902 apostolicis,
1494 1856 1688 1900 praesertim

955 1914 1070 1957 quibus
1088 1914 1221 1946 facultas
1240 1910 1428 1944 absolvendi
1448 1909 1480 1941 in
1498 1909 1594 1941 certis
1615 1914 1690 1939 tunc

957 1966 1116 2010 expressis
1139 1965 1265 1998 casibus
1297 1964 1340 1995 ita
1374 1963 1520 1995 Romano
1545 1958 1691 1993 Pontifici

957 2032 1016 2064 pro
1035 2026 1178 2062 tempore
1196 2016 1346 2051 existenti
1363 2020 1556 2053 reservatur,
1579 2018 1613 2045 ut
1633 2022 1693 2044 nec

959 2075 1053 2107 etiam
1079 2072 1198 2105 similes
1218 2071 1269 2103 vel
1289 2068 1461 2102 dissimiles
1478 2065 1694 2108 indulgentia-

961 2138 1031 2160 rum
1056 2132 1087 2158 et
1107 2125 1289 2157 facultatum
1310 2120 1493 2153 huiusmodi
1511 2117 1694 2151 concessio-

962 2190 1030 2220 nes,
1058 2178 1117 2211 nisi
1147 2178 1185 2209 de
1218 2176 1282 2208 illis
1306 2183 1456 2216 expressa
1488 2171 1609 2204 mentio
1642 2175 1697 2202 aut

963 2231 1112 2275 specialis
1138 2227 1304 2270 derogatio
1325 2225 1391 2264 siat,
1411 2224 1558 2267 cuiquam
1584 2222 1697 2254 sutfra-

963 2286 1028 2328 gari
1055 2286 1184 2326 queant,
1208 2288 1338 2312 necnon
1370 2278 1483 2319 regula
1512 2277 1621 2308 nostra
1657 2274 1696 2306 de

963 2348 1027 2370 non
1052 2332 1269 2368 concedendis
1292 2328 1501 2371 indulgentiis
1521 2328 1560 2360 ad
1586 2327 1696 2365 instar,

965 2401 1000 2423 ac
1025 2394 1301 2433 quorumcumque
1325 2383 1481 2416 Ordinum
1506 2385 1537 2414 et
1561 2389 1700 2422 congre-

966 2442 1131 2485 gationum
1156 2448 1213 2471 seu
1238 2436 1456 2469 institutorum
1491 2432 1699 2475 regularium,

967 2496 1062 2528 etiam
1083 2493 1278 2530 iuramento,
1303 2487 1547 2522 confirmatione
1572 2489 1702 2527 aposto-

198 2553 333 2596 aliisquc
368 2553 579 2586 ecclesiarum
612 2549 775 2594 praelatis,
800 2559 835 2582 ac
858 2549 926 2593 qui·
968 2548 1048 2588 lica,
1092 2546 1140 2578 vel
1172 2544 1282 2587 quavis
1306 2541 1455 2574 firmitate
1482 2539 1543 2571 alia
1568 2538 1702 2570 robora-

1674 180 1723 206 Α11.
1742 179 1769 206 C.
1791 179 1855 206 1051

1706 866 1734 887 Ad
1744 872 1795 892 quus
1805 871 1865 886 rasus

1683 900 1724 915 nou
1735 895 1866 913 extendatur.

1724 1808 1843 1829 Clau-ulan.
