2111 3157
2 181 51 208 An.
67 180 96 207 C.
121 178 187 206 1677

50 500 112 522 Fides
127 502 182 521 'mn-

0 530 132 554 sumptorum.

191 226 323 260 insertis
347 226 517 266 habentes,
544 226 607 260 illis
632 226 710 259 alias
735 225 767 258 in
793 235 849 258 suo
874 235 925 257 ro-

191 279 272 312 bore
285 279 514 323 permansuris,
532 279 570 311 ad
585 277 833 322 praemissorum
855 277 925 310 ell'e·

192 336 289 372 etum,
312 331 373 363 hac
388 331 456 364 viee
481 331 658 369 dumtaxat,
677 329 865 373 specialiter
893 334 925 361 et

192 393 343 425 expresse
369 383 579 425 derogamus;
598 382 779 425 ceterisque
801 386 926 414 eontra-

190 434 247 467 riis
264 435 531 477 quibuscumque.

237 486 307 530 §st
344 487 498 519 Volumus
535 491 641 519 autem
675 490 710 518 ut
740 486 923 518 earumdem

191 539 411 582 praesentium
431 538 611 571 litterarum
631 538 849 581 transumptis,
868 549 923 570 seu

191 590 358 633 exemplis,
386 590 482 623 etiarn
514 589 709 633 impressis¹,
735 601 831 622 mauu
867 591 924 623 ali-

189 641 278 674 euius
303 641 417 674 notarii
442 642 562 685 publici
587 642 794 685 subscriptis,
828 648 858 675 et
883 643 921 674 si-

189 694 267 737 gillo
292 703 453 737 personae
478 695 511 726 in
531 694 749 727 ecelesiastica
766 695 922 736 (lignitate

189 745 382 779 constitutae
398 746 542 787 munitis,
567 747 678 780 eadem
698 758 828 790 prorsus
846 748 923 780 {ides

148 810 150 813 ’
187 798 309 842 ubique
340 799 485 832 locorum
522 804 584 831 tam
613 799 644 831 in
677 799 796 832 iudicio
828 810 921 842 quam

26 1917 113 1943 specte,-
124 1916 180 1937 faeti.

189 856 279 884 extra
302 851 382 885 illud
408 851 584 892 habeatur,
613 862 694 894 quae
725 852 803 895 ipsis
832 864 923 894 prae-

189 903 334 936 sentibus
358 904 536 937 haberetur
567 903 593 937 si
622 904 728 937 forent
761 905 922 938 exhibitae

190 956 240 988 vel
258 960 423 989 ostensae.

232 1007 345 1040 Datum
370 1008 509 1049 Romae,
532 1009 616 1052 apud
641 1009 672 1041 S.
699 1008 837 1049 Petrum,
864 1011 922 1042 sub

189 1061 309 1093 annulo
320 1060 505 1101 Piscatoris,
517 1061 567 1094 die
578 1071 645 1095 xxv1
660 1061 736 1094 iunii
752 1072 922 1096 MDCLXXVII

189 1111 396 1155 pontificatus
415 1114 521 1146 nostri
541 1123 627 1146 anno
646 1124 668 1147 1.

223 1173 282 1200 Dat.
305 1174 348 1202 die
369 1174 402 1201 26
421 1175 488 1201 iunii
514 1175 593 1209 1677,
613 1175 711 1210 pontis.
732 1183 805 1203 anno
825 1183 844 1203 1.

506 1314 610 1347 XVIII.

187 1393 395 1428 Permittitur
414 1393 580 1436 prioribus
606 1393 762 1427 localibus
788 1394 923 1438 Corzyre-

231 1447 374 1488 gationis
396 1447 604 1478 cremitarum
625 1446 923 1481 Camaldulensium

232 1498 497 1539 Monstscoronae,
519 1503 571 1538 ut,
598 1500 811 1533 consentiente
827 1503 926 1534 eremi

233 1551 387 1594 capitulo,
411 1561 469 1593 per
492 1561 523 1583 se
547 1551 677 1584 valeant
699 1552 764 1585 sibi
786 1553 925 1586 subditis

233 1604 376 1636 eremitis
406 1603 484 1636 dare
515 1603 683 1636 licentiam
712 1606 925 1648 pernoctandi

233 1660 325 1688 extra
348 1666 466 1689 eremos
491 1658 580 1689 intra
599 1657 744 1700 spatium
764 1658 924 1701 quinqua-

232 1710 326 1752 qinta
349 1709 548 1742 milliarium
559 1708 580 1742 ἵ.

374 1788 571 1815 Innocentius
587 1788 665 1822 Papa
685 1789 734 1821 x1‚

331 1833 368 1860 ad
385 1833 517 1859 futuram
537 1833 581 1860 roi
601 1833 781 1860 memoriam.

236 1903 250 1947 g
270 1903 299 1935 1.
319 1903 443 1946 Exponi
461 1903 554 1936 nobis
572 1913 677 1946 nuper
695 1903 770 1935 fecit
787 1903 924 1936 dilectus

194 1955 277 1989 lilius
309 1956 466 2000 Iosephus
489 1956 586 1988 Maria
611 1967 627 1988 a
651 1955 798 1999 Neapoli,
825 1957 926 1989 maior

193 2009 460 2052 Congregationis
481 2009 685 2041 eremitarum
702 2008 926 2042 Camaldulen-

193 2063 275 2096 sium
300 2063 569 2102 Montiscoronae,
600 2063 685 2105 quod
715 2062 798 2104 (cum
824 2062 925 2094 felicis

195 2115 430 2148 reeordationis
456 2115 604 2148 Clemens
633 2115 718 2157 Papa
739 2115 762 2146 X
791 2115 927 2157 praede-

195 2179 304 2201 cessor
318 2173 429 2201 noster
445 2178 504 2211 per
522 2168 676 2210 quasdam
694 2178 767 2199 suas
785 2167 816 2199 in
831 2167 926 2199 simili

197 2222 298 2254 formai
329 2220 436 2254 Brevis
467 2221 590 2254 litteras
621 2220 707 2252 inter
740 2219 801 2252 alia
832 2230 926 2262 prae-

196 2274 319 2317 ceperit
343 2280 375 2306 et
399 2273 616 2312 mandaverit,
641 2278 692 2313 ut,
717 2278 886 2315 postquam
912 2284 927 2304 a

197 2326 338 2370 capitulo
371 2326 511 2368 generali
542 2326 591 2357 vel
622 2326 743 2358 maiore
769 2330 800 2357 et
824 2324 929 2356 visita-

199 2379 320 2412 toribus
357 2379 460 2412 dietae
497 2377 765 2420 Congregationis
795 2376 928 2410 familia--

234 2460 246 2484 ¹
265 2457 361 2484 Vocem
381 2457 528 2491 impressis
549 2464 596 2482 nos
612 2455 734 2482 addimus
752 2457 792 2490 (n.
810 2456 859 2489 T.).

234 2504 252 2530 2
270 2503 336 2530 Vide
356 2504 446 2530 Coust.
469 2508 530 2528 xxxi
547 2502 695 2528 Clementis
707 2501 737 2536 X,
752 2510 820 2537 quae
837 2499 930 2534 incipit

204 2549 237 2578 Ut
256 2549 287 2576 in
308 2549 546 2582 Coityi·eyucioue‚
565 2551 627 2573 tom.
645 2552 725 2579 xviii,
746 2554 806 2581 pag.
824 2546 886 2573 107.

270 2603 349 2631 Butz.
371 2603 453 2630 Rom.
474 2618 507 2622 -
530 2601 589 2630 Vol.
609 2602 684 2629 XIX.
827 2601 840 2628 7

783 177 991 201 INNQCENTH'S
1015 178 1043 201 Xl
1071 177 1119 200 1³1³.

966 235 1036 257 rum
1060 225 1094 257 in
1119 225 1255 268 singulis
1282 224 1398 258 eremis
1435 225 1534 269 ipsius
1559 225 1700 269 Congre-

967 277 1104 319 gationis
1130 278 1303 320 assignatio
1341 278 1441 317 saeta,
1475 283 1506 311 et
1542 278 1612 319 illi,
1645 280 1697 323 qui

967 334 1033 361 toto
1058 329 1133 362 anni
1169 330 1305 363 decursu
1342 342 1413 363 cum
1451 331 1568 363 debitis
1601 333 1695 375 prio-

967 390 1036 412 rum
1054 381 1205 414 localium
1223 382 1362 415 licentiis
1378 388 1511 426 propter
1529 390 1698 426 urgentem

967 432 1106 476 aliquam
1138 435 1362 468 necessitatem
1387 435 1504 468 eremis
1529 447 1589 479 per
1605 438 1699 479 quin-

967 486 1119 527 quaginta
1134 487 1319 519 milliarium
1344 488 1480 531 spatium
1503 488 1589 521 iuxta
1606 500 1698 532 prae-

966 537 1121 579 scriptum
1145 539 1413 571 constitutionum
1449 540 1593 573 eiusdem
1617 541 1698 574 Con-

967 589 1164 631 gregationis
1187 601 1203 622 a
1224 592 1416 624 recolendae
1433 593 1609 626 memoriae
1630 594 1698 627 Cle-

966 647 1074 673 mente
1108 641 1192 684 Papa
1219 643 1257 674 IX
1293 644 1546 686 praedecessore
1577 647 1699 690 pariter

967 699 1076 726 nostro
1095 693 1241 736 specifice
1258 695 1482 729 confirmatum
1500 699 1610 740 egredi
1627 710 1699 743 pos-

965 751 1050 785 sunt,
1077 746 1222 789 deputati
1247 747 1392 788 fuissent,
1426 759 1486 782 nee
1518 751 1592 784 ullis
1616 752 1698 794 prio·

966 797 1054 829 ribus
1088 798 1243 831 localibus
1278 810 1338 831 nee
1368 800 1440 834 ullis
1466 801 1627 845 deputatis
1657 805 1697 837 ad

966 851 1097 892 negotia
1132 851 1201 884 sine
1233 852 1362 884 licentia
1392 854 1523 887 maioris
1557 860 1589 888 et
1622 856 1698 889 visi-

967 907 1106 935 tatorum
1130 904 1372 946 praedictorum
1408 908 1508 939 semel
1544 908 1576 940 in
1613 919 1697 941 anno

965 955 1141 988 obtinenda
1176 956 1259 988 intra
1293 958 1432 1000 spatium
1464 959 1699 1003 quinquaginta

966 1007 1150 1040 milliarium
1169 1009 1367 1050 huiusmodi,
1384 1021 1487 1054 neque
1505 1013 1580 1045 ullis
1598 1013 1699 1045 dicto-

966 1071 1035 1092 rum
1059 1061 1205 1104 priorum
1230 1063 1378 1104 subditis,
1402 1065 1471 1097 sine
1492 1066 1625 1107 speciali
1646 1077 1699 1099 eo-

967 1114 1111 1146 rumdem
1135 1114 1264 1148 maioris
1293 1123 1324 1149 et
1343 1116 1543 1150 visitatorum
1568 1119 1699 1152 licentia

966 1166 1060 1199 toties
1078 1167 1204 1209 quoties
1218 1167 1432 1211 impetranda,
1452 1170 1570 1202 eremis
1587 1172 1698 1213 egredi

967 1229 1002 1251 ac
1019 1224 1107 1251 extra
1131 1219 1222 1253 illos¹
1239 1226 1430 1264 pernoctare
1451 1223 1490 1255 de
1508 1228 1615 1257 cetero
1633 1225 1698 1258 ullo

966 1273 1063 1306 modo
1081 1273 1210 1315 liceret;
1232 1275 1396 1318 prioribus
1413 1281 1519 1310 autem
1540 1277 1699 1311 localibus

967 1336 1001 1358 ex
1029 1326 1136 1368 aliqua
1160 1327 1289 1369 urgenti
1314 1328 1508 1362 necessitate
1526 1335 1615 1362 extra
1632 1340 1700 1363 ere-

967 1387 1036 1409 mos
1062 1378 1286 1420 existentibus,
1314 1390 1425 1412 eorum
1444 1380 1551 1413 vicarii
1569 1381 1632 1414 sive
1651 1392 1701 1414 su-

967 1429 1111 1473 periores
1132 1431 1163 1463 in
1196 1432 1312 1464 eremis
1341 1437 1548 1465 remanentes
1577 1435 1699 1467 nullam

968 1484 1128 1516 haberent
1165 1484 1348 1518 facultatem
1388 1486 1588 1519 concedendi
1629 1487 1700 1519 aliis

968 1547 1063 1579 quam
1098 1537 1215 1569 oblatis
1247 1547 1312 1569 non
1343 1538 1499 1580 professis
1536 1539 1700 1572 licentiam

968 1590 1156 1631 egrediendi
1175 1595 1207 1622 et
1223 1591 1435 1633 pernoctandi
1458 1596 1545 1623 extra
1563 1602 1700 1632 eremos,

968 1648 997 1674 et
1023 1642 1101 1674 alias
1126 1648 1222 1685 prout
1246 1643 1278 1674 in
1304 1643 1395 1675 dictis
1429 1643 1545 1676 litteris
1571 1644 1698 1687 plenius

967 1694 1162 1737 continetur)
1188 1699 1317 1726 enatum
1341 1700 1391 1726 est
1415 1694 1558 1734 dubium,
1583 1706 1622 1728 an
1642 1707 1700 1739 pe-

968 1756 1025 1777 nes
1043 1746 1168 1788 priores
1187 1747 1307 1778 locales
1326 1746 1399 1778 dum
1416 1752 1604 1789 praesentes
1625 1753 1701 1780 sunt

968 1798 1159 1831 remanserit
1184 1798 1316 1830 facultas
1333 1797 1416 1830 intra
1433 1798 1537 1832 minus
1561 1800 1699 1843 spatium

968 1860 1063 1892 quam
1100 1850 1335 1893 quinquaginta
1367 1850 1555 1883 niiliianuun
1591 1851 1700 1884 huius-

968 1902 1056 1935 modi
1081 1903 1281 1935 eoncedendi
1307 1902 1450 1935 eremitis
1477 1902 1536 1935 sibi
1562 1903 1699 1936 subditis

968 1954 1131 1987 licentiam
1174 1954 1386 1997 pernoctandi
1435 1960 1522 1988 extra
1571 1965 1699 1988 eremos

968 2012 1065 2050 prout
1093 2007 1247 2039 eiusmodi
1275 2007 1405 2040 facultas
1430 2007 1475 2040 eis
1498 2018 1558 2050 per
1581 2007 1699 2040 consti-

969 2059 1111 2092 tutiones
1136 2059 1316 2103 praedictas
1346 2071 1498 2092 concessa
1523 2060 1695 2103 reperitur.

968 2111 1048 2150 Quia
1071 2123 1148 2145 vero
1173 2112 1248 2145 dicti
1279 2112 1405 2155 priores
1437 2113 1556 2145 locales
1591 2112 1697 2156 quoad

971 2166 1054 2196 lianc
1084 2170 1209 2208 partem
1243 2165 1274 2197 in
1300 2164 1476 2207 praedictis
1501 2165 1615 2198 litteris
1640 2175 1698 2197 no-

971 2218 1084 2250 minati
1109 2228 1174 2250 non
1192 2222 1275 2257 sunt,
1296 2228 1353 2250 nee
1375 2217 1507 2250 facultas
1533 2217 1699 2260 praedicta

970 2271 1015 2303 eis
1034 2271 1139 2314 quoad
1156 2271 1259 2303 minus
1279 2270 1414 2313 spatium
1430 2281 1523 2313 quam
1541 2270 1700 2313 quinqua-

971 2325 1058 2367 ginta
1081 2324 1266 2357 milliarium
1289 2335 1438 2367 expresse
1470 2324 1594 2356 sublata
1625 2328 1697 2363 est,

970 2378 1117 2411 ridentur
1135 2377 1194 2420 ipsi
1211 2377 1336 2420 priores
1354 2386 1521 2411 remanere
1539 2387 1610 2409 eum
1628 2376 1698 2408 iure

971 2431 1016 2463 eis
1051 2441 1110 2473 per
1135 2430 1235 2462 dietas
1270 2429 1514 2462 constitutiones
1543 2437 1697 2461 concesso

972 2483 1067 2516 dandi
1084 2493 1197 2515 eorum
1213 2482 1348 2515 subditis
1367 2481 1518 2525 professis
1535 2480 1700 2515 licentiati&

1007 2547 1017 2572 l
1041 2544 1130 2573 Potius
1148 2544 1206 2580 lege
1226 2545 1292 2573 illas
1311 2544 1350 2580 (R.
1365 2544 1414 2580 τ.).

1613 168 1654 202 49
1701 178 1750 207 An.
1769 178 1798 207 c,
1820 179 1890 206 1077
