2111 3157
149 209 202 236 An.
223 207 338 236 cuore
384 195 449 234 0290
919 202 1100 229 nutrimen

286 258 441 297 scr-ralem
460 256 587 290 Ordinis
609 261 757 299 spectare
783 253 965 292 instantias,
992 262 1074 295 quae

342 310 411 341 fieri
437 311 544 342 solent
568 310 599 340 in
622 309 768 351 cappella
790 306 871 339 Suae
892 303 1075 338 Sanctitatis

342 373 402 405 pro
436 368 506 394 actu
539 359 787 393 beatificationis
817 360 867 391 vel
906 357 1099 390 canoniza-¹=

343 414 442 446 tionis
459 423 625 445 servorum
645 412 699 444 Dei
719 422 755 443 ex
780 413 890 443 nostra
908 409 1077 451 religione,

344 467 575 508 cuiuscumque
601 465 661 508 ipsi
687 465 767 496 servi
792 463 845 495 Dei
870 462 1007 495 familiae
1026 472 1079 493 ex-

346 519 479 551 titerint.
521 518 643 550 Deinde
684 516 883 559 praecipitur
926 515 1077 547 omnibus

345 570 608 613 procuratoribus
633 570 883 612 particularibus
909 577 1078 599 causarum

344 622 593 656 beatificationis
609 623 658 654 vel
677 620 938 658 canonizationis,
951 624 983 651 ut
997 618 1078 651 nibil

346 676 378 707 in
393 675 470 717 ipsis
484 684 579 716 agere
595 679 799 716 praesumant
815 672 999 704 inconsulto
1011 681 1079 713 pro-

347 732 494 759 curatore
520 727 569 758 vel
591 724 813 758 commissario
836 723 943 756 curiae
972 732 1080 764 respe-

347 780 443 818 ctive·⁷
466 779 552 821 quod
572 777 821 819 intelligendum
847 781 894 808 est
919 775 1016 807 etiam
1042 775 1079 806 de

348 831 542 863 Reformatis
574 831 678 873 quoad
715 839 805 861 suum
837 832 1079 870 procuratorem

349 885 545 926 generalem.

392 947 462 969 viu.
475 936 508 968 ln
518 935 631 968 studiis
646 934 851 977 generalibus
864 934 1081 965 cismontanae

351 987 489 1021 familiae
505 993 535 1019 et
550 987 581 1019 in
595 987 796 1029 gravioribus
812 987 1081 1021 ultramontanae,

351 1040 549 1073 habentibus
564 1045 627 1071 tres
643 1038 826 1079 theologiae
840 1039 990 1074 lectores
1001 1046 1084 1067 sem-

352 1103 410 1136 per
434 1093 476 1125 sit
507 1102 589 1123 unus
620 1092 724 1123 lector
756 1089 810 1133 qui
842 1099 967 1121 sacram
994 1088 1084 1119 theo-

333 1146 469 1187 -logiam
496 1143 707 1185 dogmaticam
733 1143 837 1184 legat,
875 1141 930 1173 ille
963 1140 1082 1172 scilicet

351 1198 403 1240 qui
430 1196 593 1239 antiquior
614 1201 663 1227 est
683 1196 712 1227 in
735 1196 862 1230 lectura,
883 1193 1083 1235 gaudeatque

350 1250 501 1282 omnibus
527 1248 704 1291 privilegiis
736 1247 768 1279 in
801 1246 914 1279 ordine
939 1245 979 1277 ad
1004 1245 1085 1276 iubi-

350 1302 517 1339 lationem,
537 1300 563 1332 si
582 1299 764 1332 constiterit
788 1309 861 1331 eum
887 1297 1084 1340 praedictam

351 1354 535 1386 facultatem
556 1352 769 1394 dogmaticam
789 1350 941 1383 continuo
960 1349 1084 1391 legisse,

351 1406 435 1437 sicut
459 1405 511 1437 alii
538 1404 776 1447 speculativam,
803 1403 881 1435 alias
906 1403 996 1434 nullo
1021 1401 1086 1443 pri-

352 1458 468 1499 vilegio
488 1458 640 1499 gaudeat,
657 1457 743 1499 quod
758 1457 853 1488 etiam
871 1455 957 1498 apud
974 1454 1086 1486 Reser-

353 1517 456 1543 matos
482 1510 719 1542 observandum
745 1514 803 1541 est.

513 1567 566 1596 Pro
588 1566 697 1605 familia
720 1566 932 1595 ultramontana.

398 1627 420 1650 1.
440 1616 480 1649 Ut
504 1616 534 1647 in
561 1614 772 1648 conventibus
790 1624 827 1646 ex
849 1611 1087 1645 introductione

353 1671 404 1703 vel
429 1669 639 1702 concessione
665 1666 890 1707 suffragiorum
918 1675 978 1708 pro
1004 1664 1089 1707 capi-

354 1723 429 1755 tulis
452 1720 704 1765 provincialibus
729 1724 858 1762 praeter
878 1717 1011 1760 antiqua
1034 1717 1090 1749 Or-

356 1774 440 1807 dinis
465 1778 583 1806 statuta
614 1772 856 1814 emergentibus
887 1774 1088 1808 occurratur,

355 1826 546 1859 auctoritate
579 1824 757 1867 apostolica
785 1824 983 1864 abrogantur
1018 1827 1091 1854 vota

355 1890 411 1912 seu
431 1878 583 1920 suffragia
596 1888 653 1920 pro
672 1876 820 1919 capitulis
838 1874 1089 1917 provincialibus

355 1931 531 1974 respective
559 1929 724 1972 agentium
748 1927 887 1960 ministri
913 1926 1090 1969 generalis,

357 1983 652 2017 commissariorum
665 1982 825 2013 curiarum
837 1978 1089 2022 particularium,

356 2035 652 2070 commissariorum
677 2033 792 2066 Terrae
817 2032 963 2070 Sanctae,
984 2031 1092 2063 visita—

357 2094 462 2122 torum
479 2088 577 2121 Tertii
594 2087 722 2120 Ordinis
740 2085 966 2122 saecularium,
991 2083 1092 2126 magi-

356 2147 497 2174 strorum
522 2140 715 2173 novitiorum
746 2145 778 2172 et
801 2136 1089 2174 confessariorum,

356 2204 414 2227 seu
439 2194 630 2225 vicariorum
665 2191 867 2230 monialium,
900 2200 940 2223 ne
975 2189 1030 2221 illa
1058 2188 1091 2220 in

357 2246 423 2278 suis
448 2246 626 2288 respective
661 2244 835 2288 provinciis
869 2243 900 2275 in
926 2247 1090 2286 posterum

356 2298 439 2331 serre
457 2299 590 2340 possint,
605 2298 747 2340 exceptis
764 2298 865 2329 solum
885 2293 1090 2327 confessariis

356 2351 555 2389 monialium,
572 2351 625 2393 qui
648 2361 699 2382 sex
719 2350 757 2381 ad
776 2349 880 2381 minus
899 2348 1011 2379 fratres
1032 2346 1090 2378 sub

357 2399 1089 2444 sehabeant¹,quibusutsuper10respraesint,
1112 2422 1113 2437 ,

358 2461 390 2488 et
409 2453 638 2489 commissarii⁹
655 2455 824 2492 curiarum,
850 2452 903 2484 ubi
930 2462 1020 2493 reges
1040 2452 1090 2483 vel

149 270 169 290 in
193 270 261 288 rantis

150 302 171 315 vt
188 303 220 316 uzu
237 295 282 316 Dei.

178 948 207 968 De
217 946 338 968 lectoribus.

188 1627 217 1648 De
238 1627 291 1647 votis
306 1632 342 1648 seu

161 1654 275 1679 suffragiis.

394 2526 405 2552 1
428 2524 498 2551 Edit.
520 2524 601 2550 Main.
624 2524 687 2556 legit
705 2524 807 2549 habea!
826 2526 866 2553 (n.
882 2524 930 2553 τ.)-

392 2567 409 2597 2
428 2569 538 2595 Videtur
557 2569 696 2601 legendum
716 2567 922 2593 commissariis
941 2572 978 2597 (a.
995 2564 1043 2593 ·r.l.

1122 199 1274 227 nonaum!
1835 217 1838 220 ψ
1859 198 1910 227 An.
1929 198 1959 226 c.
1975 196 2042 226 16⁷9

1117 251 1281 293 principes
1306 250 1444 283 absoluti
1469 249 1573 282 aulam
1599 259 1687 281 suam
1717 253 1849 288 tenent·,

1120 305 1150 336 in
1173 314 1307 346 quarum
1340 303 1474 345 singulis
1508 313 1590 334 unus
1616 307 1739 333 tantum
1765 311 1853 333 com-

1120 356 1282 388 missarius
1311 366 1382 388 cum
1415 353 1564 395 suffragio
1597 364 1668 386 esse
1694 353 1809 395 possit,
1836 363 1853 385 a

1121 409 1289 452 superiore
1326 407 1468 448 generali
1504 418 1540 440 ex
1574 405 1740 449 provincia
1768 406 1854 438 illius

1122 461 1264 500 dominii,
1283 471 1376 503 quam
1404 459 1567 498 maluerit,
1591 459 1772 500 eligendus.
1791 457 1856 490 Nec

1122 515 1152 546 in
1175 519 1341 556 posterum
1359 511 1544 554 provinciae
1561 511 1687 554 possint
1704 509 1856 553 suffragia

1122 576 1181 609 pro
1207 565 1273 597 suis
1297 564 1444 606 capitulis
1468 563 1661 595 concedere.

1166 628 1200 650 11.
1220 617 1382 654 Statuitur,
1403 616 1489 658 quod
1509 615 1538 647 in
1557 624 1763 657 quacumque
1779 613 1856 647 civi·
1883 624 1923 655 ,no
1933 625 2048 650 processio·

1124 675 1185 702 tate
1203 671 1251 702 vel
1267 669 1387 711 oppido
1402 668 1575 710 Hispaniae
1589 667 1764 699 consistant
1780 677 1858 699 con·
1867 651 1936 672 ''mu''

1124 727 1236 753 ventus
1258 720 1503 752 Observantium
1522 724 1553 751 et
1576 719 1858 758 Discalceatorum,

1124 783 1258 816 quorum
1278 773 1492 805 comunitates
1517 770 1782 814 processionibus
1805 780 1859 812 ge-

1125 825 1291 858 neralibus
1331 824 1485 857 interesse
1520 824 1712 865 contingat,
1743 823 1858 856 ambae

1126 877 1373 909 communitates
1397 877 1456 908 sub
1479 878 1543 908 una
1567 876 1746 918 eademque
1764 885 1859 907 cruce

1127 929 1329 961 intermixtae
1355 928 1521 968 incedant;
1547 928 1626 960 itaut
1651 937 1782 969 semper
1798 925 1860 959 Ob-

1127 981 1320 1014 serrantium
1336 981 1539 1022 gtlardianus,
1556 981 1620 1012 sive
1637 989 1777 1022 praeses,
1795 978 1860 1022 pri-

1128 1044 1211 1065 mum
1248 1043 1305 1064 seu
1338 1032 1520 1074 digniorem
1553 1032 1658 1064 locum
1685 1036 1801 1070 teneat,
1828 1035 1861 1063 et

1128 1085 1310 1117 immediate
1335 1084 1529 1125 guardianus
1553 1094 1612 1116 seu
1637 1094 1765 1126 praeses
1791 1084 1861 1115 Dis-

1128 1138 1343 1169 calceatorum
1370 1137 1600 1178 subsequatur3
1624 1136 1677 1168 alii
1702 1145 1778 1168 vero
1802 1136 1862 1168 sra-

1130 1196 1192 1222 tres
1210 1189 1299 1221 iuxta
1320 1188 1542 1230 antiquitatem
1563 1188 1692 1220 habitus
1718 1189 1768 1220 vel
1790 1198 1861 1229 gra-

1129 1243 1204 1274 dum
1243 1241 1407 1284 qualitatis
1459 1241 1644 1283 permixtim
1688 1239 1860 1279 incedant,

1130 1295 1342 1336 praecedente
1379 1304 1508 1336 semper
1543 1293 1575 1325 in
1612 1293 1728 1326 eodem
1760 1293 1863 1334 gradu

1129 1348 1339 1379 Observante:
1374 1352 1470 1388 atque
1498 1346 1540 1377 ita
1565 1346 1603 1378 ab
1629 1345 1798 1385 omnibus,
1822 1344 1863 1377 ad

1130 1410 1209 1441 quos
1228 1404 1356 1441 spectat,
1376 1399 1542 1430 observari
1560 1397 1864 1440 p1·aecipitur‚iuxta

1130 1452 1296 1494 antiquarii
1329 1456 1360 1483 et
1389 1450 1584 1482 laudabilem
1609 1449 1736 1482 Ordinis
1760 1448 1866 1481 nostri

1131 1503 1415 1543 consuetudinem,
1450 1503 1508 1534 sub
1538 1505 1645 1545 poena
1675 1501 1865 1545 privationis

1131 1557 1309 1590 officiorum
1341 1555 1524 1598 guardianis
1555 1560 1611 1587 aut
1642 1554 1864 1597 superioribus

1132 1609 1329 1652 praedictam
1354 1608 1602 1651 dispositionem
1631 1607 1786 1640 innovare
1814 1606 1865 1639 vel

1133 1663 1269 1694 alterare
1295 1661 1587 1704 praesumentibus.

1177 1724 1224 1747 111.
1249 1714 1295 1746 Ad
1321 1714 1468 1745 evitanda
1493 1713 1601 1755 gravia
1620 1711 1815 1755 praeiudicia
1835 1715 2060 1765 ειῃῆἳιξᾱεωρῑίο-

1134 1767 1350 1805 detrimenta,
1383 1776 1463 1807 quae
1496 1765 1671 1807 provinciis
1702 1764 1867 1797 Indiarum
1941 1759 1946 1766 '
2072 1769 2083 1784 ²

1135 1830 1308 1862 earumque
1324 1818 1482 1860 religiosis
1496 1828 1533 1850 ex
1551 1817 1867 1860 incorporationibus

1134 1884 1151 1905 a
1175 1871 1404 1905 commissariis
1430 1871 1557 1903 illarum
1582 1870 1721 1913 partium
1747 1880 1806 1913 pro
1831 1869 1868 1903 li-

1134 1925 1200 1957 bito
1226 1924 1314 1956 sactis
1343 1923 1516 1966 provenire
1541 1924 1667 1962 solent,
1697 1922 1866 1963 statuitur,

1134 1988 1173 2009 ne
1206 1977 1238 2008 in
1270 1981 1434 2019 posterum
1465 1975 1674 2007 commissarii
1701 1974 1868 2016 generales

1134 2029 1290 2072 praedicti
1302 2028 1464 2060 ludiarum
1477 2026 1726 2060 Occidentalium
1741 2026 1869 2069 possint

1134 2078 1330 2124 sub'quoris
1356 2085 1523 2123 praetextu
1547 2090 1631 2112 ⁴suos
1656 2078 1865 2119 secretarios,

1134 2134 1248 2172 socios,
1272 2139 1324 2165 aut
1348 2133 1427 2165 alios
1452 2133 1631 2174 religiosos,
1657 2141 1739 2174 quos
1759 2131 1792 2163 in
1809 2140 1868 2164 suo

1134 2187 1286 2219 comitatu
1320 2185 1563 2227 assumpserint,
1590 2184 1802 2227 incorporare
1835 2183 1869 2215 in

1135 2240 1242 2282 aliqua
1267 2238 1432 2282 provincia
1457 2248 1533 2270 suae
1558 2236 1802 2275 commissionis,
1827 2235 1870 2268 ir-

1134 2292 1229 2324 ritum
1254 2291 1450 2324 declarando
1478 2290 1502 2322 si
1520 2290 1598 2332 quid
1615 2289 1647 2322 in
1672 2288 1870 2321 contrarium

1133 2349 1306 2376 attentetur
1330 2349 1384 2375 aut
1408 2343 1472 2375 liat.

1178 2407 1219 2429 iv.
1242 2396 1380 2428 Omnino
1401 2394 1602 2427 interdicitur
1618 2393 1772 2426 ministris
1793 2395 1944 2445 pm‘bnsm
1964 2393 2061 2418 moninu-

1134 2448 1322 2480 rincialibus
1341 2458 1373 2480 se
1400 2448 1549 2489 ingerere
1577 2447 1610 2478 in
1639 2445 1869 2478 imminuendis
1921 2439 1928 2446 ¹

1134 2502 1320 2534 monialium
1345 2501 1474 2533 dotibus
1501 2505 1553 2532 aut
1576 2498 1737 2531 alimentis
1760 2508 1871 2531 saecu-

1134 2555 1267 2591 larium,
1293 2553 1494 2587 educationis
1518 2554 1631 2590 causa,
1659 2552 1708 2585 vel
1733 2551 1812 2592 alia,
1837 2551 1871 2584 in

2065 1682 2082 1703 'x

2077 2469 2084 2491 J
