<?xml version="1.0" encoding="UTF-8"?>
<!DOCTYPE html PUBLIC "-//W3C//DTD XHTML 1.0 Transitional//EN"
    "http://www.w3.org/TR/xhtml1/DTD/xhtml1-transitional.dtd">
<html xmlns="http://www.w3.org/1999/xhtml" xml:lang="en" lang="en">
 <head>
  <title>
</title>
<meta http-equiv="Content-Type" content="text/html;charset=utf-8" />
  <meta name='ocr-system' content='tesseract 3.04.00' />
  <meta name='ocr-capabilities' content='ocr_page ocr_carea ocr_par ocr_line ocrx_word'/>
</head>
<body>
  <div class='ocr_page' id='page_1' title='image "./bullarumdiplomat19cath_0808.png"; bbox 0 0 2111 3157; ppageno 0'>
   <div class='ocr_carea' id='block_1_1' title="bbox 166 205 464 241">
    <p class='ocr_par' dir='ltr' id='par_1_1' title="bbox 166 205 464 241">
     <span class='ocr_line' id='line_1_1' title="bbox 166 205 464 241; baseline -0.01 0"><span class='ocrx_word' id='word_1_1' title='bbox 166 215 216 241; x_wconf 74' lang='grc' dir='ltr'><strong>Λιι.</strong></span> <span class='ocrx_word' id='word_1_2' title='bbox 234 213 261 240; x_wconf 89' lang='lat' dir='ltr'>c.</span> <span class='ocrx_word' id='word_1_3' title='bbox 282 213 352 240; x_wconf 63' lang='lat' dir='ltr'>ism</span> <span class='ocrx_word' id='word_1_4' title='bbox 399 205 464 238; x_wconf 68' lang='lat'>77⁵3</span> 
     </span>
    </p>
   </div>
   <div class='ocr_carea' id='block_1_2' title="bbox 168 594 350 646">
    <p class='ocr_par' dir='ltr' id='par_1_2' title="bbox 168 594 350 646">
     <span class='ocr_line' id='line_1_2' title="bbox 195 594 350 614; baseline 0 -1"><span class='ocrx_word' id='word_1_5' title='bbox 195 594 268 614; x_wconf 63' lang='lat' dir='ltr'>Contu«</span> <span class='ocrx_word' id='word_1_6' title='bbox 275 598 350 614; x_wconf 66' lang='lat' dir='ltr'>riorum</span> 
     </span>
     <span class='ocr_line' id='line_1_3' title="bbox 168 620 284 646; baseline 0.009 -5"><span class='ocrx_word' id='word_1_7' title='bbox 168 620 284 646; x_wconf 56' lang='lat' dir='ltr'>derogiuu.</span> 
     </span>
    </p>
   </div>
   <div class='ocr_carea' id='block_1_3' title="bbox 182 2449 365 2503">
    <p class='ocr_par' dir='ltr' id='par_1_3' title="bbox 182 2449 365 2503">
     <span class='ocr_line' id='line_1_4' title="bbox 223 2449 365 2471; baseline -0.014 0"><span class='ocrx_word' id='word_1_8' title='bbox 223 2449 285 2471; x_wconf 75' lang='lat' dir='ltr'>dees</span> <span class='ocrx_word' id='word_1_9' title='bbox 310 2451 365 2469; x_wconf 78' lang='lat' dir='ltr'>tran-</span> 
     </span>
     <span class='ocr_line' id='line_1_5' title="bbox 182 2480 318 2503; baseline -0.015 -5"><span class='ocrx_word' id='word_1_10' title='bbox 182 2480 318 2503; x_wconf 69' lang='lat' dir='ltr'>sumptorum.</span> 
     </span>
    </p>
   </div>
   <div class='ocr_carea' id='block_1_4' title="bbox 943 209 1297 235">
    <p class='ocr_par' dir='ltr' id='par_1_4' title="bbox 943 209 1297 235">
     <span class='ocr_line' id='line_1_6' title="bbox 943 209 1297 235; baseline -0.003 0"><span class='ocrx_word' id='word_1_11' title='bbox 943 210 1123 235; x_wconf 56' lang='lat' dir='ltr'>Bruanium</span> <span class='ocrx_word' id='word_1_12' title='bbox 1147 209 1297 234; x_wconf 67' lang='lat' dir='ltr'>ROMANUM</span> 
     </span>
    </p>
   </div>
   <div class='ocr_carea' id='block_1_5' title="bbox 360 256 1879 302">
    <p class='ocr_par' dir='ltr' id='par_1_5' title="bbox 360 256 1879 302">
     <span class='ocr_line' id='line_1_7' title="bbox 360 256 1879 302; baseline -0.005 -7"><span class='ocrx_word' id='word_1_13' title='bbox 360 263 485 295; x_wconf 80' lang='lat' dir='ltr'>sublata</span> <span class='ocrx_word' id='word_1_14' title='bbox 502 263 548 295; x_wconf 78' lang='lat' dir='ltr'>eis</span> <span class='ocrx_word' id='word_1_15' title='bbox 567 268 724 295; x_wconf 82' lang='lat' dir='ltr'>eteorum</span> <span class='ocrx_word' id='word_1_16' title='bbox 747 260 881 293; x_wconf 73' lang='lat' dir='ltr'>cuilibet</span> <span class='ocrx_word' id='word_1_17' title='bbox 907 259 1019 302; x_wconf 86' lang='lat' dir='ltr'>quavis</span> <span class='ocrx_word' id='word_1_18' title='bbox 1044 258 1099 291; x_wconf 86' lang='lat' dir='ltr'>ali·</span> <span class='ocrx_word' id='word_1_19' title='bbox 1141 268 1239 291; x_wconf 86' lang='lat' dir='ltr'>sonae</span> <span class='ocrx_word' id='word_1_20' title='bbox 1263 258 1296 290; x_wconf 90' lang='lat' dir='ltr'>in</span> <span class='ocrx_word' id='word_1_21' title='bbox 1321 256 1541 290; x_wconf 73' lang='lat' dir='ltr'>ecclesiastica</span> <span class='ocrx_word' id='word_1_22' title='bbox 1572 256 1730 300; x_wconf 76' lang='lat' dir='ltr'>dignitate</span> <span class='ocrx_word' id='word_1_23' title='bbox 1761 257 1879 291; x_wconf 84' lang='lat' dir='ltr'>consti-</span> 
     </span>
    </p>
   </div>
   <div class='ocr_carea' id='block_1_6' title="bbox 360 312 1109 1421">
    <p class='ocr_par' dir='ltr' id='par_1_6' title="bbox 360 312 1104 569">
     <span class='ocr_line' id='line_1_8' title="bbox 360 312 1099 356; baseline -0.005 -8"><span class='ocrx_word' id='word_1_24' title='bbox 360 321 410 348; x_wconf 86' lang='lat' dir='ltr'>ter</span> <span class='ocrx_word' id='word_1_25' title='bbox 434 315 598 348; x_wconf 84' lang='lat' dir='ltr'>iudicandi</span> <span class='ocrx_word' id='word_1_26' title='bbox 625 320 656 347; x_wconf 90' lang='lat' dir='ltr'>et</span> <span class='ocrx_word' id='word_1_27' title='bbox 679 312 917 356; x_wconf 83' lang='lat' dir='ltr'>interpretandi</span> <span class='ocrx_word' id='word_1_28' title='bbox 949 312 1099 344; x_wconf 71' lang='lat' dir='ltr'>facultate</span> 
     </span>
     <span class='ocr_line' id='line_1_9' title="bbox 362 364 1100 407; baseline -0.008 -6"><span class='ocrx_word' id='word_1_29' title='bbox 362 374 393 401; x_wconf 88' lang='lat' dir='ltr'>et</span> <span class='ocrx_word' id='word_1_30' title='bbox 406 368 608 407; x_wconf 79' lang='lat' dir='ltr'>auctoritate,</span> <span class='ocrx_word' id='word_1_31' title='bbox 625 365 761 398; x_wconf 82' lang='lat' dir='ltr'>iudicari</span> <span class='ocrx_word' id='word_1_32' title='bbox 777 370 808 398; x_wconf 88' lang='lat' dir='ltr'>et</span> <span class='ocrx_word' id='word_1_33' title='bbox 822 364 948 398; x_wconf 71' lang='lat' dir='ltr'>definiri</span> <span class='ocrx_word' id='word_1_34' title='bbox 965 365 1100 402; x_wconf 74' lang='lat' dir='ltr'>debere,</span> 
     </span>
     <span class='ocr_line' id='line_1_10' title="bbox 361 415 1101 460; baseline -0.007 -8"><span class='ocrx_word' id='word_1_35' title='bbox 361 431 397 453; x_wconf 85' lang='lat' dir='ltr'>ac</span> <span class='ocrx_word' id='word_1_36' title='bbox 427 420 554 452; x_wconf 87' lang='lat' dir='ltr'>irritum</span> <span class='ocrx_word' id='word_1_37' title='bbox 577 424 607 452; x_wconf 88' lang='lat' dir='ltr'>et</span> <span class='ocrx_word' id='word_1_38' title='bbox 631 418 727 451; x_wconf 73' lang='lat' dir='ltr'>inane</span> <span class='ocrx_word' id='word_1_39' title='bbox 757 418 780 450; x_wconf 80' lang='lat' dir='ltr'>si</span> <span class='ocrx_word' id='word_1_40' title='bbox 807 427 898 450; x_wconf 83' lang='lat' dir='ltr'>secus</span> <span class='ocrx_word' id='word_1_41' title='bbox 925 427 1025 460; x_wconf 82' lang='lat' dir='ltr'>super</span> <span class='ocrx_word' id='word_1_42' title='bbox 1050 415 1101 448; x_wconf 80' lang='lat' dir='ltr'>liis</span> 
     </span>
     <span class='ocr_line' id='line_1_11' title="bbox 361 469 1104 516; baseline -0.005 -11"><span class='ocrx_word' id='word_1_43' title='bbox 361 484 379 505; x_wconf 84' lang='lat' dir='ltr'>a</span> <span class='ocrx_word' id='word_1_44' title='bbox 404 483 576 516; x_wconf 88' lang='lat' dir='ltr'>quoquam,</span> <span class='ocrx_word' id='word_1_45' title='bbox 603 471 713 515; x_wconf 88' lang='lat' dir='ltr'>quavis</span> <span class='ocrx_word' id='word_1_46' title='bbox 738 470 945 510; x_wconf 86' lang='lat' dir='ltr'>auctoritate,</span> <span class='ocrx_word' id='word_1_47' title='bbox 962 469 1104 503; x_wconf 76' lang='lat' dir='ltr'>scienter</span> 
     </span>
     <span class='ocr_line' id='line_1_12' title="bbox 360 523 1034 569; baseline -0.006 -10"><span class='ocrx_word' id='word_1_48' title='bbox 360 527 411 559; x_wconf 89' lang='lat' dir='ltr'>vel</span> <span class='ocrx_word' id='word_1_49' title='bbox 436 527 647 569; x_wconf 74' lang='lat' dir='ltr'>ignoranter,</span> <span class='ocrx_word' id='word_1_50' title='bbox 672 524 848 567; x_wconf 76' lang='lat' dir='ltr'>contigerit</span> <span class='ocrx_word' id='word_1_51' title='bbox 871 523 1034 557; x_wconf 87' lang='lat' dir='ltr'>attentari.</span> 
     </span>
    </p>

    <p class='ocr_par' dir='ltr' id='par_1_7' title="bbox 361 577 1109 1421">
     <span class='ocr_line' id='line_1_13' title="bbox 405 577 1103 623; baseline -0.006 -10"><span class='ocrx_word' id='word_1_52' title='bbox 405 580 419 623; x_wconf 66' lang='grc' dir='ltr'><strong>ἓ</strong></span> <span class='ocrx_word' id='word_1_53' title='bbox 443 580 474 612; x_wconf 78' lang='grc'>4.</span> <span class='ocrx_word' id='word_1_54' title='bbox 508 580 576 613; x_wconf 82' lang='grc' dir='ltr'>Νοη</span> <span class='ocrx_word' id='word_1_55' title='bbox 602 579 807 612; x_wconf 68' lang='lat' dir='ltr'>obstantibus</span> <span class='ocrx_word' id='word_1_56' title='bbox 835 577 1041 621; x_wconf 85' lang='lat' dir='ltr'>apostolicis,</span> <span class='ocrx_word' id='word_1_57' title='bbox 1068 587 1103 609; x_wconf 85' lang='lat' dir='ltr'>ae</span> 
     </span>
     <span class='ocr_line' id='line_1_14' title="bbox 362 631 1104 675; baseline -0.005 -9"><span class='ocrx_word' id='word_1_58' title='bbox 362 633 395 666; x_wconf 93' lang='lat' dir='ltr'>in</span> <span class='ocrx_word' id='word_1_59' title='bbox 436 633 674 666; x_wconf 80' lang='lat' dir='ltr'>universalibus</span> <span class='ocrx_word' id='word_1_60' title='bbox 713 631 1033 675; x_wconf 75' lang='lat' dir='ltr'>provincialibusque</span> <span class='ocrx_word' id='word_1_61' title='bbox 1072 636 1104 663; x_wconf 91' lang='lat' dir='ltr'>et</span> 
     </span>
     <span class='ocr_line' id='line_1_15' title="bbox 362 683 1103 730; baseline -0.005 -11"><span class='ocrx_word' id='word_1_62' title='bbox 362 686 574 730; x_wconf 76' lang='lat' dir='ltr'>synodalibus</span> <span class='ocrx_word' id='word_1_63' title='bbox 600 685 746 718; x_wconf 86' lang='lat' dir='ltr'>conciliis</span> <span class='ocrx_word' id='word_1_64' title='bbox 767 684 873 723; x_wconf 88' lang='lat' dir='ltr'>editis,</span> <span class='ocrx_word' id='word_1_65' title='bbox 895 683 1103 727; x_wconf 74' lang='lat' dir='ltr'>generalibus</span> 
     </span>
     <span class='ocr_line' id='line_1_16' title="bbox 361 737 1103 782; baseline -0.004 -10"><span class='ocrx_word' id='word_1_66' title='bbox 361 740 410 773; x_wconf 87' lang='lat' dir='ltr'>vel</span> <span class='ocrx_word' id='word_1_67' title='bbox 430 739 638 782; x_wconf 70' lang='lat' dir='ltr'>specialibus,</span> <span class='ocrx_word' id='word_1_68' title='bbox 659 738 947 772; x_wconf 70' lang='lat' dir='ltr'>constitutionibus</span> <span class='ocrx_word' id='word_1_69' title='bbox 965 743 996 770; x_wconf 90' lang='lat' dir='ltr'>et</span> <span class='ocrx_word' id='word_1_70' title='bbox 1014 737 1103 770; x_wconf 89' lang='lat' dir='ltr'>ordi-</span> 
     </span>
     <span class='ocr_line' id='line_1_17' title="bbox 362 790 1105 835; baseline -0.005 -10"><span class='ocrx_word' id='word_1_71' title='bbox 362 792 562 832; x_wconf 73' lang='lat' dir='ltr'>nationibus,</span> <span class='ocrx_word' id='word_1_72' title='bbox 582 802 708 825; x_wconf 82' lang='lat' dir='ltr'>necnon</span> <span class='ocrx_word' id='word_1_73' title='bbox 734 791 909 835; x_wconf 84' lang='lat' dir='ltr'>quibusvis,</span> <span class='ocrx_word' id='word_1_74' title='bbox 936 791 1032 823; x_wconf 86' lang='lat' dir='ltr'>etiam</span> <span class='ocrx_word' id='word_1_75' title='bbox 1057 790 1105 822; x_wconf 91' lang='lat' dir='ltr'>iu-</span> 
     </span>
     <span class='ocr_line' id='line_1_18' title="bbox 362 844 1104 887; baseline -0.003 -9"><span class='ocrx_word' id='word_1_76' title='bbox 362 852 529 886; x_wconf 87' lang='lat' dir='ltr'>ramento,</span> <span class='ocrx_word' id='word_1_77' title='bbox 563 845 811 879; x_wconf 80' lang='lat' dir='ltr'>confirmatione</span> <span class='ocrx_word' id='word_1_78' title='bbox 836 844 1028 887; x_wconf 77' lang='lat' dir='ltr'>apostoliea,</span> <span class='ocrx_word' id='word_1_79' title='bbox 1055 844 1104 876; x_wconf 92' lang='lat' dir='ltr'>vel</span> 
     </span>
     <span class='ocr_line' id='line_1_19' title="bbox 364 896 1105 943; baseline -0.004 -11"><span class='ocrx_word' id='word_1_80' title='bbox 364 899 476 943; x_wconf 84' lang='lat' dir='ltr'>quavis</span> <span class='ocrx_word' id='word_1_81' title='bbox 501 899 654 931; x_wconf 77' lang='lat' dir='ltr'>firmitate</span> <span class='ocrx_word' id='word_1_82' title='bbox 679 899 743 932; x_wconf 84' lang='lat' dir='ltr'>alia</span> <span class='ocrx_word' id='word_1_83' title='bbox 767 898 950 937; x_wconf 86' lang='lat' dir='ltr'>roboratis,</span> <span class='ocrx_word' id='word_1_84' title='bbox 978 896 1105 929; x_wconf 88' lang='lat' dir='ltr'>statutis</span> 
     </span>
     <span class='ocr_line' id='line_1_20' title="bbox 365 950 1104 995; baseline -0.005 -10"><span class='ocrx_word' id='word_1_85' title='bbox 365 959 396 985; x_wconf 91' lang='lat' dir='ltr'>ct</span> <span class='ocrx_word' id='word_1_86' title='bbox 419 951 726 992; x_wconf 75' lang='lat' dir='ltr'>consuetudinibus,</span> <span class='ocrx_word' id='word_1_87' title='bbox 755 950 939 995; x_wconf 79' lang='lat' dir='ltr'>privilegiis</span> <span class='ocrx_word' id='word_1_88' title='bbox 962 960 1104 993; x_wconf 86' lang='lat' dir='ltr'>quoque,</span> 
     </span>
     <span class='ocr_line' id='line_1_21' title="bbox 363 1002 1105 1046; baseline -0.005 -9"><span class='ocrx_word' id='word_1_89' title='bbox 363 1004 500 1037; x_wconf 79' lang='lat' dir='ltr'>indultis</span> <span class='ocrx_word' id='word_1_90' title='bbox 526 1010 559 1037; x_wconf 86' lang='lat' dir='ltr'>et</span> <span class='ocrx_word' id='word_1_91' title='bbox 585 1004 701 1038; x_wconf 81' lang='lat' dir='ltr'>litteris</span> <span class='ocrx_word' id='word_1_92' title='bbox 722 1003 922 1046; x_wconf 83' lang='lat' dir='ltr'>apostolicis,</span> <span class='ocrx_word' id='word_1_93' title='bbox 938 1002 1105 1046; x_wconf 81' lang='lat' dir='ltr'>quibusvis</span> 
     </span>
     <span class='ocr_line' id='line_1_22' title="bbox 364 1055 1107 1102; baseline -0.003 -13"><span class='ocrx_word' id='word_1_94' title='bbox 364 1058 514 1102; x_wconf 83' lang='lat' dir='ltr'>personis</span> <span class='ocrx_word' id='word_1_95' title='bbox 540 1064 572 1091; x_wconf 93' lang='lat' dir='ltr'>et</span> <span class='ocrx_word' id='word_1_96' title='bbox 597 1058 689 1097; x_wconf 88' lang='lat' dir='ltr'>loeis,</span> <span class='ocrx_word' id='word_1_97' title='bbox 704 1057 801 1090; x_wconf 88' lang='lat' dir='ltr'>etiam</span> <span class='ocrx_word' id='word_1_98' title='bbox 826 1055 979 1100; x_wconf 76' lang='lat' dir='ltr'>specifica</span> <span class='ocrx_word' id='word_1_99' title='bbox 1003 1061 1034 1088; x_wconf 89' lang='lat' dir='ltr'>et</span> <span class='ocrx_word' id='word_1_100' title='bbox 1059 1055 1107 1088; x_wconf 91' lang='lat' dir='ltr'>in-</span> 
     </span>
     <span class='ocr_line' id='line_1_23' title="bbox 365 1109 1108 1153; baseline -0.004 -9"><span class='ocrx_word' id='word_1_101' title='bbox 365 1112 494 1144; x_wconf 77' lang='lat' dir='ltr'>dividua</span> <span class='ocrx_word' id='word_1_102' title='bbox 527 1111 692 1144; x_wconf 87' lang='lat' dir='ltr'>mentione</span> <span class='ocrx_word' id='word_1_103' title='bbox 729 1110 854 1153; x_wconf 82' lang='lat' dir='ltr'>dignis,</span> <span class='ocrx_word' id='word_1_104' title='bbox 886 1109 945 1142; x_wconf 87' lang='lat' dir='ltr'>sub</span> <span class='ocrx_word' id='word_1_105' title='bbox 975 1109 1108 1152; x_wconf 86' lang='lat' dir='ltr'>quibus-</span> 
     </span>
     <span class='ocr_line' id='line_1_24' title="bbox 365 1162 1105 1208; baseline -0.003 -12"><span class='ocrx_word' id='word_1_106' title='bbox 365 1175 503 1208; x_wconf 83' lang='lat' dir='ltr'>cumque</span> <span class='ocrx_word' id='word_1_107' title='bbox 529 1165 703 1197; x_wconf 68' lang='lat' dir='ltr'>vorborum</span> <span class='ocrx_word' id='word_1_108' title='bbox 729 1163 899 1196; x_wconf 86' lang='lat' dir='ltr'>tenoribus</span> <span class='ocrx_word' id='word_1_109' title='bbox 926 1168 958 1195; x_wconf 89' lang='lat' dir='ltr'>et</span> <span class='ocrx_word' id='word_1_110' title='bbox 982 1162 1105 1201; x_wconf 83' lang='lat' dir='ltr'>formis,</span> 
     </span>
     <span class='ocr_line' id='line_1_25' title="bbox 365 1215 1108 1261; baseline -0.004 -10"><span class='ocrx_word' id='word_1_111' title='bbox 365 1230 401 1251; x_wconf 86' lang='lat' dir='ltr'>ae</span> <span class='ocrx_word' id='word_1_112' title='bbox 425 1229 496 1251; x_wconf 88' lang='lat' dir='ltr'>cum</span> <span class='ocrx_word' id='word_1_113' title='bbox 515 1218 694 1261; x_wconf 83' lang='lat' dir='ltr'>quibusvis,</span> <span class='ocrx_word' id='word_1_114' title='bbox 711 1217 808 1250; x_wconf 86' lang='lat' dir='ltr'>etiam</span> <span class='ocrx_word' id='word_1_115' title='bbox 826 1215 1108 1259; x_wconf 84' lang='lat' dir='ltr'>derogatoriarum</span> 
     </span>
     <span class='ocr_line' id='line_1_26' title="bbox 365 1267 1108 1314; baseline -0.005 -10"><span class='ocrx_word' id='word_1_116' title='bbox 365 1271 592 1314; x_wconf 74' lang='lat' dir='ltr'>derogatoriis,</span> <span class='ocrx_word' id='word_1_117' title='bbox 620 1271 755 1313; x_wconf 85' lang='lat' dir='ltr'>aliisque</span> <span class='ocrx_word' id='word_1_118' title='bbox 771 1269 1015 1308; x_wconf 78' lang='lat' dir='ltr'>efficacioribus,</span> <span class='ocrx_word' id='word_1_119' title='bbox 1041 1267 1108 1301; x_wconf 83' lang='lat' dir='ltr'>essi-</span> 
     </span>
     <span class='ocr_line' id='line_1_27' title="bbox 365 1322 1109 1357; baseline -0.004 0"><span class='ocrx_word' id='word_1_120' title='bbox 365 1324 541 1357; x_wconf 84' lang='lat' dir='ltr'>cacissimis</span> <span class='ocrx_word' id='word_1_121' title='bbox 567 1329 598 1357; x_wconf 92' lang='lat' dir='ltr'>et</span> <span class='ocrx_word' id='word_1_122' title='bbox 623 1323 760 1357; x_wconf 86' lang='lat' dir='ltr'>insolitis</span> <span class='ocrx_word' id='word_1_123' title='bbox 781 1322 935 1356; x_wconf 83' lang='lat' dir='ltr'>clausulis</span> <span class='ocrx_word' id='word_1_124' title='bbox 953 1327 984 1355; x_wconf 88' lang='lat' dir='ltr'>et</span> <span class='ocrx_word' id='word_1_125' title='bbox 1002 1323 1109 1355; x_wconf 90' lang='lat' dir='ltr'>deere-</span> 
     </span>
     <span class='ocr_line' id='line_1_28' title="bbox 364 1376 1109 1421; baseline -0.004 -10"><span class='ocrx_word' id='word_1_126' title='bbox 364 1378 418 1417; x_wconf 81' lang='lat' dir='ltr'>tis,</span> <span class='ocrx_word' id='word_1_127' title='bbox 447 1379 478 1411; x_wconf 91' lang='lat' dir='ltr'>in</span> <span class='ocrx_word' id='word_1_128' title='bbox 497 1388 618 1421; x_wconf 81' lang='lat' dir='ltr'>genere</span> <span class='ocrx_word' id='word_1_129' title='bbox 636 1378 686 1410; x_wconf 92' lang='lat' dir='ltr'>vel</span> <span class='ocrx_word' id='word_1_130' title='bbox 715 1378 748 1410; x_wconf 87' lang='lat' dir='ltr'>in</span> <span class='ocrx_word' id='word_1_131' title='bbox 773 1377 898 1420; x_wconf 81' lang='lat' dir='ltr'>speeie,</span> <span class='ocrx_word' id='word_1_132' title='bbox 925 1382 956 1409; x_wconf 89' lang='lat' dir='ltr'>et</span> <span class='ocrx_word' id='word_1_133' title='bbox 980 1376 1058 1409; x_wconf 73' lang='lat' dir='ltr'>alias</span> <span class='ocrx_word' id='word_1_134' title='bbox 1075 1376 1109 1408; x_wconf 91' lang='lat' dir='ltr'>in</span> 
     </span>
    </p>
   </div>
   <div class='ocr_carea' id='block_1_7' title="bbox 365 1429 1131 1474">
    <p class='ocr_par' dir='ltr' id='par_1_8' title="bbox 365 1429 1131 1474">
     <span class='ocr_line' id='line_1_29' title="bbox 365 1429 1131 1474; baseline -0.008 -9"><span class='ocrx_word' id='word_1_135' title='bbox 365 1433 565 1465; x_wconf 87' lang='lat' dir='ltr'>contrarium</span> <span class='ocrx_word' id='word_1_136' title='bbox 589 1431 846 1474; x_wconf 86' lang='lat' dir='ltr'>praemissorum</span> <span class='ocrx_word' id='word_1_137' title='bbox 868 1429 1048 1469; x_wconf 71' lang='lat' dir='ltr'>concessis,</span> <span class='ocrx_word' id='word_1_138' title='bbox 1074 1440 1109 1462; x_wconf 89' lang='lat' dir='ltr'>ae</span> <span class='ocrx_word' id='word_1_139' title='bbox 1128 1451 1131 1459; x_wconf 74' lang='grc'>,</span> 
     </span>
    </p>
   </div>
   <div class='ocr_carea' id='block_1_8' title="bbox 365 1482 1111 1685">
    <p class='ocr_par' dir='ltr' id='par_1_9' title="bbox 365 1482 1111 1685">
     <span class='ocr_line' id='line_1_30' title="bbox 366 1482 1111 1528; baseline -0.005 -10"><span class='ocrx_word' id='word_1_140' title='bbox 366 1486 463 1518; x_wconf 83' lang='lat' dir='ltr'>etiam</span> <span class='ocrx_word' id='word_1_141' title='bbox 488 1485 612 1528; x_wconf 90' lang='lat' dir='ltr'>pluries</span> <span class='ocrx_word' id='word_1_142' title='bbox 636 1483 850 1522; x_wconf 80' lang='lat' dir='ltr'>confirmatis,</span> <span class='ocrx_word' id='word_1_143' title='bbox 871 1482 1058 1526; x_wconf 84' lang='lat' dir='ltr'>approbatis</span> <span class='ocrx_word' id='word_1_144' title='bbox 1079 1487 1111 1514; x_wconf 82' lang='lat' dir='ltr'>et</span> 
     </span>
     <span class='ocr_line' id='line_1_31' title="bbox 365 1534 1107 1580; baseline -0.008 -10"><span class='ocrx_word' id='word_1_145' title='bbox 365 1538 548 1578; x_wconf 86' lang='lat' dir='ltr'>innovatis;</span> <span class='ocrx_word' id='word_1_146' title='bbox 575 1537 690 1580; x_wconf 84' lang='lat' dir='ltr'>quibus</span> <span class='ocrx_word' id='word_1_147' title='bbox 717 1536 868 1569; x_wconf 86' lang='lat' dir='ltr'>omnibus</span> <span class='ocrx_word' id='word_1_148' title='bbox 900 1540 933 1567; x_wconf 89' lang='lat' dir='ltr'>et</span> <span class='ocrx_word' id='word_1_149' title='bbox 956 1534 1107 1577; x_wconf 66' lang='lat' dir='ltr'>singulis,</span> 
     </span>
     <span class='ocr_line' id='line_1_32' title="bbox 367 1588 1111 1634; baseline -0.005 -10"><span class='ocrx_word' id='word_1_150' title='bbox 367 1591 494 1624; x_wconf 78' lang='lat' dir='ltr'>etiamsi</span> <span class='ocrx_word' id='word_1_151' title='bbox 520 1601 580 1634; x_wconf 92' lang='lat' dir='ltr'>pro</span> <span class='ocrx_word' id='word_1_152' title='bbox 605 1590 739 1623; x_wconf 86' lang='lat' dir='ltr'>illorum</span> <span class='ocrx_word' id='word_1_153' title='bbox 771 1588 944 1621; x_wconf 79' lang='lat' dir='ltr'>sufficienti</span> <span class='ocrx_word' id='word_1_154' title='bbox 975 1589 1111 1630; x_wconf 77' lang='lat' dir='ltr'>deroga-</span> 
     </span>
     <span class='ocr_line' id='line_1_33' title="bbox 366 1641 1109 1685; baseline -0.004 -9"><span class='ocrx_word' id='word_1_155' title='bbox 366 1644 467 1683; x_wconf 83' lang='lat' dir='ltr'>tione,</span> <span class='ocrx_word' id='word_1_156' title='bbox 493 1644 532 1676; x_wconf 91' lang='lat' dir='ltr'>de</span> <span class='ocrx_word' id='word_1_157' title='bbox 553 1643 618 1676; x_wconf 90' lang='lat' dir='ltr'>illis</span> <span class='ocrx_word' id='word_1_158' title='bbox 645 1651 822 1685; x_wconf 89' lang='lat' dir='ltr'>eorumque</span> <span class='ocrx_word' id='word_1_159' title='bbox 842 1641 915 1675; x_wconf 79' lang='lat' dir='ltr'>totis</span> <span class='ocrx_word' id='word_1_160' title='bbox 942 1641 1109 1674; x_wconf 86' lang='lat' dir='ltr'>tenoribus</span> 
     </span>
    </p>
   </div>
   <div class='ocr_carea' id='block_1_9' title="bbox 365 1693 1894 1740">
    <p class='ocr_par' dir='ltr' id='par_1_10' title="bbox 365 1693 1894 1740">
     <span class='ocr_line' id='line_1_34' title="bbox 365 1693 1894 1740; baseline -0.002 -11"><span class='ocrx_word' id='word_1_161' title='bbox 365 1696 526 1740; x_wconf 82' lang='lat' dir='ltr'>specialis,</span> <span class='ocrx_word' id='word_1_162' title='bbox 542 1695 693 1739; x_wconf 77' lang='lat' dir='ltr'>specifica</span> <span class='ocrx_word' id='word_1_163' title='bbox 714 1700 746 1727; x_wconf 79' lang='lat' dir='ltr'>et</span> <span class='ocrx_word' id='word_1_164' title='bbox 769 1694 942 1733; x_wconf 81' lang='lat' dir='ltr'>individua,</span> <span class='ocrx_word' id='word_1_165' title='bbox 969 1703 1035 1726; x_wconf 82' lang='lat' dir='ltr'>110ss</span> <span class='ocrx_word' id='word_1_166' title='bbox 1056 1704 1111 1725; x_wconf 74' lang='lat' dir='ltr'>ssu-</span> <span class='ocrx_word' id='word_1_167' title='bbox 1131 1696 1133 1735; x_wconf 38' lang='lat'>¹.</span> <span class='ocrx_word' id='word_1_168' title='bbox 1154 1698 1330 1730; x_wconf 83' lang='lat' dir='ltr'>nonnullae</span> <span class='ocrx_word' id='word_1_169' title='bbox 1367 1696 1485 1730; x_wconf 75' lang='lat' dir='ltr'>affabre</span> <span class='ocrx_word' id='word_1_170' title='bbox 1523 1702 1552 1729; x_wconf 88' lang='lat' dir='ltr'>et</span> <span class='ocrx_word' id='word_1_171' title='bbox 1578 1695 1732 1738; x_wconf 72' lang='lat' dir='ltr'>singulari</span> <span class='ocrx_word' id='word_1_172' title='bbox 1757 1693 1894 1727; x_wconf 82' lang='lat' dir='ltr'>artificio</span> 
     </span>
    </p>
   </div>
   <div class='ocr_carea' id='block_1_10' title="bbox 367 1741 1133 1793">
    <p class='ocr_par' dir='ltr' id='par_1_11' title="bbox 367 1741 1133 1793">
     <span class='ocr_line' id='line_1_35' title="bbox 367 1741 1133 1793; baseline -0.004 -12"><span class='ocrx_word' id='word_1_173' title='bbox 367 1755 432 1783; x_wconf 82' lang='lat' dir='ltr'>tem</span> <span class='ocrx_word' id='word_1_174' title='bbox 450 1760 508 1793; x_wconf 90' lang='lat' dir='ltr'>per</span> <span class='ocrx_word' id='word_1_175' title='bbox 525 1749 688 1782; x_wconf 63' lang='lat' dir='ltr'>clausulas</span> <span class='ocrx_word' id='word_1_176' title='bbox 707 1749 877 1791; x_wconf 76' lang='lat' dir='ltr'>generales</span> <span class='ocrx_word' id='word_1_177' title='bbox 895 1747 981 1780; x_wconf 88' lang='lat' dir='ltr'>idem</span> <span class='ocrx_word' id='word_1_178' title='bbox 995 1747 1112 1789; x_wconf 82' lang='lat' dir='ltr'>impor-</span> <span class='ocrx_word' id='word_1_179' title='bbox 1131 1741 1133 1753; x_wconf 53' lang='lat'><em>*</em></span> 
     </span>
    </p>
   </div>
   <div class='ocr_carea' id='block_1_11' title="bbox 367 1800 1112 1898">
    <p class='ocr_par' dir='ltr' id='par_1_12' title="bbox 367 1800 1112 1898">
     <span class='ocr_line' id='line_1_36' title="bbox 367 1800 1110 1845; baseline -0.005 -9"><span class='ocrx_word' id='word_1_180' title='bbox 367 1809 484 1843; x_wconf 85' lang='lat' dir='ltr'>tantes,</span> <span class='ocrx_word' id='word_1_181' title='bbox 498 1803 621 1836; x_wconf 84' lang='lat' dir='ltr'>mentio</span> <span class='ocrx_word' id='word_1_182' title='bbox 639 1813 693 1834; x_wconf 89' lang='lat' dir='ltr'>seu</span> <span class='ocrx_word' id='word_1_183' title='bbox 713 1801 844 1845; x_wconf 80' lang='lat' dir='ltr'>quaevis</span> <span class='ocrx_word' id='word_1_184' title='bbox 864 1801 927 1833; x_wconf 85' lang='lat' dir='ltr'>alia</span> <span class='ocrx_word' id='word_1_185' title='bbox 945 1800 1110 1843; x_wconf 80' lang='lat' dir='ltr'>expressio</span> 
     </span>
     <span class='ocr_line' id='line_1_37' title="bbox 368 1853 1112 1898; baseline -0.005 -9"><span class='ocrx_word' id='word_1_186' title='bbox 368 1856 519 1889; x_wconf 86' lang='lat' dir='ltr'>habenda</span> <span class='ocrx_word' id='word_1_187' title='bbox 544 1861 598 1888; x_wconf 88' lang='lat' dir='ltr'>aut</span> <span class='ocrx_word' id='word_1_188' title='bbox 622 1855 729 1898; x_wconf 85' lang='lat' dir='ltr'>aliqua</span> <span class='ocrx_word' id='word_1_189' title='bbox 746 1854 808 1887; x_wconf 89' lang='lat' dir='ltr'>alia</span> <span class='ocrx_word' id='word_1_190' title='bbox 825 1853 985 1897; x_wconf 82' lang='lat' dir='ltr'>exquisita</span> <span class='ocrx_word' id='word_1_191' title='bbox 1009 1854 1112 1886; x_wconf 78' lang='lat' dir='ltr'>forma</span> 
     </span>
    </p>
   </div>
   <div class='ocr_carea' id='block_1_12' title="bbox 369 1906 1134 1948">
    <p class='ocr_par' dir='ltr' id='par_1_13' title="bbox 369 1906 1134 1948">
     <span class='ocr_line' id='line_1_38' title="bbox 369 1906 1134 1948; baseline -0.004 -6"><span class='ocrx_word' id='word_1_192' title='bbox 369 1910 409 1942; x_wconf 86' lang='lat' dir='ltr'>ad</span> <span class='ocrx_word' id='word_1_193' title='bbox 434 1910 497 1941; x_wconf 89' lang='lat' dir='ltr'>boc</span> <span class='ocrx_word' id='word_1_194' title='bbox 523 1908 681 1941; x_wconf 87' lang='lat' dir='ltr'>servanda</span> <span class='ocrx_word' id='word_1_195' title='bbox 706 1908 812 1948; x_wconf 84' lang='lat' dir='ltr'>soret,</span> <span class='ocrx_word' id='word_1_196' title='bbox 843 1912 975 1940; x_wconf 88' lang='lat' dir='ltr'>tenores</span> <span class='ocrx_word' id='word_1_197' title='bbox 1001 1906 1134 1939; x_wconf 72' lang='lat' dir='ltr'>huius-¹</span> 
     </span>
    </p>
   </div>
   <div class='ocr_carea' id='block_1_13' title="bbox 368 1959 1115 2165">
    <p class='ocr_par' dir='ltr' id='par_1_14' title="bbox 368 1959 1115 2165">
     <span class='ocr_line' id='line_1_39' title="bbox 368 1959 1112 2002; baseline -0.004 -7"><span class='ocrx_word' id='word_1_198' title='bbox 368 1962 476 2002; x_wconf 86' lang='lat' dir='ltr'>modi,</span> <span class='ocrx_word' id='word_1_199' title='bbox 502 1972 537 1994; x_wconf 90' lang='lat' dir='ltr'>ac</span> <span class='ocrx_word' id='word_1_200' title='bbox 562 1961 587 1994; x_wconf 90' lang='lat' dir='ltr'>si</span> <span class='ocrx_word' id='word_1_201' title='bbox 614 1962 652 1994; x_wconf 87' lang='lat' dir='ltr'>de</span> <span class='ocrx_word' id='word_1_202' title='bbox 677 1962 775 1993; x_wconf 75' lang='lat' dir='ltr'>verbo</span> <span class='ocrx_word' id='word_1_203' title='bbox 801 1961 840 1993; x_wconf 86' lang='lat' dir='ltr'>ad</span> <span class='ocrx_word' id='word_1_204' title='bbox 864 1961 1010 2000; x_wconf 87' lang='lat' dir='ltr'>verbum,</span> <span class='ocrx_word' id='word_1_205' title='bbox 1030 1959 1112 1992; x_wconf 86' lang='lat' dir='ltr'>nihii</span> 
     </span>
     <span class='ocr_line' id='line_1_40' title="bbox 370 2012 1113 2058; baseline 0 -13"><span class='ocrx_word' id='word_1_206' title='bbox 370 2016 502 2058; x_wconf 84' lang='lat' dir='ltr'>penitus</span> <span class='ocrx_word' id='word_1_207' title='bbox 528 2014 661 2053; x_wconf 89' lang='lat' dir='ltr'>omisso,</span> <span class='ocrx_word' id='word_1_208' title='bbox 690 2018 722 2045; x_wconf 80' lang='lat' dir='ltr'>et</span> <span class='ocrx_word' id='word_1_209' title='bbox 744 2013 845 2045; x_wconf 73' lang='lat' dir='ltr'>fornia</span> <span class='ocrx_word' id='word_1_210' title='bbox 861 2013 894 2045; x_wconf 89' lang='lat' dir='ltr'>in</span> <span class='ocrx_word' id='word_1_211' title='bbox 912 2013 976 2045; x_wconf 86' lang='lat' dir='ltr'>illis</span> <span class='ocrx_word' id='word_1_212' title='bbox 999 2012 1113 2045; x_wconf 73' lang='lat' dir='ltr'>tradita</span> 
     </span>
     <span class='ocr_line' id='line_1_41' title="bbox 372 2067 1112 2110; baseline -0.003 -10"><span class='ocrx_word' id='word_1_213' title='bbox 372 2069 552 2107; x_wconf 75' lang='lat' dir='ltr'>observata,</span> <span class='ocrx_word' id='word_1_214' title='bbox 568 2067 826 2110; x_wconf 73' lang='lat' dir='ltr'>exprimerentur</span> <span class='ocrx_word' id='word_1_215' title='bbox 840 2072 870 2099; x_wconf 93' lang='lat' dir='ltr'>et</span> <span class='ocrx_word' id='word_1_216' title='bbox 883 2067 1112 2107; x_wconf 78' lang='lat' dir='ltr'>insererentur,</span> 
     </span>
     <span class='ocr_line' id='line_1_42' title="bbox 372 2121 1115 2165; baseline -0.001 -11"><span class='ocrx_word' id='word_1_217' title='bbox 372 2122 600 2165; x_wconf 85' lang='lat' dir='ltr'>praesentibus</span> <span class='ocrx_word' id='word_1_218' title='bbox 633 2132 694 2164; x_wconf 89' lang='lat' dir='ltr'>pro</span> <span class='ocrx_word' id='word_1_219' title='bbox 723 2122 819 2164; x_wconf 85' lang='lat' dir='ltr'>plene</span> <span class='ocrx_word' id='word_1_220' title='bbox 852 2127 884 2153; x_wconf 90' lang='lat' dir='ltr'>et</span> <span class='ocrx_word' id='word_1_221' title='bbox 914 2121 1115 2153; x_wconf 83' lang='lat' dir='ltr'>sufficienter</span> 
     </span>
    </p>
   </div>
   <div class='ocr_carea' id='block_1_14' title="bbox 373 2174 1137 2218">
    <p class='ocr_par' dir='ltr' id='par_1_15' title="bbox 373 2174 1137 2218">
     <span class='ocr_line' id='line_1_43' title="bbox 373 2174 1137 2218; baseline 0 -11"><span class='ocrx_word' id='word_1_222' title='bbox 373 2175 534 2218; x_wconf 74' lang='lat' dir='ltr'>expressis</span> <span class='ocrx_word' id='word_1_223' title='bbox 560 2180 592 2207; x_wconf 90' lang='lat' dir='ltr'>et</span> <span class='ocrx_word' id='word_1_224' title='bbox 614 2175 744 2208; x_wconf 90' lang='lat' dir='ltr'>insertis</span> <span class='ocrx_word' id='word_1_225' title='bbox 765 2175 932 2214; x_wconf 86' lang='lat' dir='ltr'>babentes,</span> <span class='ocrx_word' id='word_1_226' title='bbox 951 2174 1016 2207; x_wconf 88' lang='lat' dir='ltr'>illis</span> <span class='ocrx_word' id='word_1_227' title='bbox 1036 2174 1115 2207; x_wconf 75' lang='lat' dir='ltr'>alias</span> <span class='ocrx_word' id='word_1_228' title='bbox 1136 2198 1137 2201; x_wconf 20' lang='grc' dir='ltr'>η</span> 
     </span>
    </p>
   </div>
   <div class='ocr_carea' id='block_1_15' title="bbox 372 2228 1117 2646">
    <p class='ocr_par' dir='ltr' id='par_1_16' title="bbox 372 2228 1117 2432">
     <span class='ocr_line' id='line_1_44' title="bbox 372 2228 1117 2271; baseline -0.001 -10"><span class='ocrx_word' id='word_1_229' title='bbox 372 2229 406 2261; x_wconf 91' lang='lat' dir='ltr'>in</span> <span class='ocrx_word' id='word_1_230' title='bbox 427 2239 486 2262; x_wconf 90' lang='lat' dir='ltr'>suo</span> <span class='ocrx_word' id='word_1_231' title='bbox 506 2229 624 2261; x_wconf 89' lang='lat' dir='ltr'>robore</span> <span class='ocrx_word' id='word_1_232' title='bbox 644 2229 882 2271; x_wconf 83' lang='lat' dir='ltr'>permansuris,</span> <span class='ocrx_word' id='word_1_233' title='bbox 902 2229 942 2261; x_wconf 89' lang='lat' dir='ltr'>ad</span> <span class='ocrx_word' id='word_1_234' title='bbox 962 2228 1117 2271; x_wconf 72' lang='lat' dir='ltr'>praemis-</span> 
     </span>
     <span class='ocr_line' id='line_1_45' title="bbox 376 2281 1115 2322; baseline 0 -9"><span class='ocrx_word' id='word_1_235' title='bbox 376 2293 485 2315; x_wconf 85' lang='lat' dir='ltr'>sorum</span> <span class='ocrx_word' id='word_1_236' title='bbox 516 2282 669 2315; x_wconf 71' lang='lat' dir='ltr'>ellectum</span> <span class='ocrx_word' id='word_1_237' title='bbox 687 2308 693 2321; x_wconf 91' lang='lat'>,</span> <span class='ocrx_word' id='word_1_238' title='bbox 730 2282 790 2314; x_wconf 81' lang='lat' dir='ltr'>liae</span> <span class='ocrx_word' id='word_1_239' title='bbox 821 2282 892 2314; x_wconf 87' lang='lat' dir='ltr'>vice</span> <span class='ocrx_word' id='word_1_240' title='bbox 924 2281 1089 2314; x_wconf 76' lang='lat' dir='ltr'>dumtaxat</span> <span class='ocrx_word' id='word_1_241' title='bbox 1107 2309 1115 2322; x_wconf 92' lang='lat'>,</span> 
     </span>
     <span class='ocr_line' id='line_1_46' title="bbox 375 2335 1117 2378; baseline 0 -11"><span class='ocrx_word' id='word_1_242' title='bbox 375 2335 561 2378; x_wconf 79' lang='lat' dir='ltr'>specialiter</span> <span class='ocrx_word' id='word_1_243' title='bbox 583 2340 615 2367; x_wconf 90' lang='lat' dir='ltr'>et</span> <span class='ocrx_word' id='word_1_244' title='bbox 632 2345 786 2378; x_wconf 80' lang='lat' dir='ltr'>expresse</span> <span class='ocrx_word' id='word_1_245' title='bbox 804 2335 1011 2377; x_wconf 81' lang='lat' dir='ltr'>derogamus3</span> <span class='ocrx_word' id='word_1_246' title='bbox 1031 2339 1117 2367; x_wconf 85' lang='lat' dir='ltr'>cete-</span> 
     </span>
     <span class='ocr_line' id='line_1_47' title="bbox 377 2388 967 2432; baseline 0 -12"><span class='ocrx_word' id='word_1_247' title='bbox 377 2388 485 2430; x_wconf 82' lang='lat' dir='ltr'>risque</span> <span class='ocrx_word' id='word_1_248' title='bbox 508 2388 678 2421; x_wconf 83' lang='lat' dir='ltr'>contrariis</span> <span class='ocrx_word' id='word_1_249' title='bbox 695 2388 967 2432; x_wconf 85' lang='lat' dir='ltr'>quibuscumque.</span> 
     </span>
    </p>

    <p class='ocr_par' dir='ltr' id='par_1_17' title="bbox 377 2440 1115 2646">
     <span class='ocr_line' id='line_1_48' title="bbox 421 2440 1115 2480; baseline 0.003 -9"><span class='ocrx_word' id='word_1_250' title='bbox 421 2441 435 2480; x_wconf 65' lang='grc' dir='ltr'>ξ</span> <span class='ocrx_word' id='word_1_251' title='bbox 469 2440 499 2472; x_wconf 71' lang='lat'>3⁷).</span> <span class='ocrx_word' id='word_1_252' title='bbox 535 2440 688 2472; x_wconf 64' lang='lat' dir='ltr'>Volumus</span> <span class='ocrx_word' id='word_1_253' title='bbox 723 2446 828 2473; x_wconf 89' lang='lat' dir='ltr'>autem</span> <span class='ocrx_word' id='word_1_254' title='bbox 861 2446 894 2473; x_wconf 84' lang='lat' dir='ltr'>ut</span> <span class='ocrx_word' id='word_1_255' title='bbox 929 2441 1115 2474; x_wconf 88' lang='lat' dir='ltr'>earumdem</span> 
     </span>
     <span class='ocr_line' id='line_1_49' title="bbox 377 2494 1114 2537; baseline 0.001 -11"><span class='ocrx_word' id='word_1_256' title='bbox 377 2494 594 2537; x_wconf 76' lang='lat' dir='ltr'>praesentimn</span> <span class='ocrx_word' id='word_1_257' title='bbox 620 2494 798 2525; x_wconf 79' lang='lat' dir='ltr'>litterarum</span> <span class='ocrx_word' id='word_1_258' title='bbox 825 2495 1042 2537; x_wconf 79' lang='lat' dir='ltr'>transumptis,</span> <span class='ocrx_word' id='word_1_259' title='bbox 1058 2506 1114 2527; x_wconf 80' lang='lat' dir='ltr'>seu</span> 
     </span>
     <span class='ocr_line' id='line_1_50' title="bbox 378 2547 1115 2590; baseline 0.001 -10"><span class='ocrx_word' id='word_1_260' title='bbox 378 2547 545 2590; x_wconf 63' lang='lat' dir='ltr'>exemplis,</span> <span class='ocrx_word' id='word_1_261' title='bbox 562 2547 656 2580; x_wconf 76' lang='lat' dir='ltr'>etiarn</span> <span class='ocrx_word' id='word_1_262' title='bbox 674 2548 848 2590; x_wconf 83' lang='lat' dir='ltr'>impressis,</span> <span class='ocrx_word' id='word_1_263' title='bbox 863 2559 960 2581; x_wconf 86' lang='lat' dir='ltr'>manu</span> <span class='ocrx_word' id='word_1_264' title='bbox 978 2548 1115 2581; x_wconf 78' lang='lat' dir='ltr'>alicuius</span> 
     </span>
     <span class='ocr_line' id='line_1_51' title="bbox 378 2600 1115 2646; baseline -0.004 -9"><span class='ocrx_word' id='word_1_265' title='bbox 378 2600 493 2637; x_wconf 75' lang='lat' dir='ltr'>notarii</span> <span class='ocrx_word' id='word_1_266' title='bbox 513 2601 634 2645; x_wconf 78' lang='lat' dir='ltr'>publici</span> <span class='ocrx_word' id='word_1_267' title='bbox 649 2601 855 2646; x_wconf 78' lang='lat' dir='ltr'>subscriptis,</span> <span class='ocrx_word' id='word_1_268' title='bbox 874 2608 903 2635; x_wconf 80' lang='lat' dir='ltr'>et</span> <span class='ocrx_word' id='word_1_269' title='bbox 922 2602 1029 2645; x_wconf 70' lang='lat' dir='ltr'>sigillo</span> <span class='ocrx_word' id='word_1_270' title='bbox 1048 2612 1115 2646; x_wconf 77' lang='lat' dir='ltr'>per-</span> 
     </span>
    </p>
   </div>
   <div class='ocr_carea' id='block_1_16' title="bbox 1129 1236 1139 2348">
    <p class='ocr_par' dir='ltr' id='par_1_18' title="bbox 1129 1236 1139 2348">
     <span class='ocr_line' id='line_1_52' title="bbox 1129 1236 1139 2348; baseline 0 0"><span class='ocrx_word' id='word_1_271' title='bbox 1129 1236 1139 2348; x_wconf 95' lang='lat' dir='ltr'> </span> 
     </span>
    </p>
   </div>
   <div class='ocr_carea' id='block_1_17' title="bbox 1143 309 1884 728">
    <p class='ocr_par' dir='ltr' id='par_1_19' title="bbox 1143 309 1881 556">
     <span class='ocr_line' id='line_1_53' title="bbox 1143 309 1867 354; baseline 0 -12"><span class='ocrx_word' id='word_1_272' title='bbox 1143 316 1230 343; x_wconf 86' lang='lat' dir='ltr'>tutae</span> <span class='ocrx_word' id='word_1_273' title='bbox 1257 311 1398 350; x_wconf 85' lang='lat' dir='ltr'>munitis,</span> <span class='ocrx_word' id='word_1_274' title='bbox 1421 311 1533 344; x_wconf 88' lang='lat' dir='ltr'>eadem</span> <span class='ocrx_word' id='word_1_275' title='bbox 1552 320 1685 354; x_wconf 84' lang='lat' dir='ltr'>prorsus</span> <span class='ocrx_word' id='word_1_276' title='bbox 1710 309 1789 343; x_wconf 83' lang='lat' dir='ltr'>fides</span> <span class='ocrx_word' id='word_1_277' title='bbox 1813 309 1867 342; x_wconf 86' lang='lat' dir='ltr'>ubi</span> 
     </span>
     <span class='ocr_line' id='line_1_54' title="bbox 1144 363 1880 407; baseline 0.001 -13"><span class='ocrx_word' id='word_1_278' title='bbox 1144 374 1205 406; x_wconf 89' lang='lat' dir='ltr'>quc</span> <span class='ocrx_word' id='word_1_279' title='bbox 1220 364 1368 396; x_wconf 83' lang='lat' dir='ltr'>locorum</span> <span class='ocrx_word' id='word_1_280' title='bbox 1385 369 1446 396; x_wconf 86' lang='lat' dir='ltr'>tam</span> <span class='ocrx_word' id='word_1_281' title='bbox 1476 363 1508 396; x_wconf 94' lang='lat' dir='ltr'>in</span> <span class='ocrx_word' id='word_1_282' title='bbox 1532 363 1655 396; x_wconf 78' lang='lat' dir='ltr'>iudicio</span> <span class='ocrx_word' id='word_1_283' title='bbox 1673 373 1769 407; x_wconf 83' lang='lat' dir='ltr'>quam</span> <span class='ocrx_word' id='word_1_284' title='bbox 1791 368 1880 396; x_wconf 86' lang='lat' dir='ltr'>extra</span> 
     </span>
     <span class='ocr_line' id='line_1_55' title="bbox 1144 415 1877 460; baseline -0.001 -12"><span class='ocrx_word' id='word_1_285' title='bbox 1144 416 1222 449; x_wconf 85' lang='lat' dir='ltr'>illud</span> <span class='ocrx_word' id='word_1_286' title='bbox 1256 416 1438 456; x_wconf 86' lang='lat' dir='ltr'>habeatur,</span> <span class='ocrx_word' id='word_1_287' title='bbox 1474 426 1555 460; x_wconf 87' lang='lat' dir='ltr'>quae</span> <span class='ocrx_word' id='word_1_288' title='bbox 1587 416 1666 460; x_wconf 88' lang='lat' dir='ltr'>ipsis</span> <span class='ocrx_word' id='word_1_289' title='bbox 1693 415 1877 460; x_wconf 85' lang='lat' dir='ltr'>praesenti-</span> 
     </span>
     <span class='ocr_line' id='line_1_56' title="bbox 1144 468 1881 503; baseline 0.001 -2"><span class='ocrx_word' id='word_1_290' title='bbox 1144 470 1205 502; x_wconf 88' lang='lat' dir='ltr'>bus</span> <span class='ocrx_word' id='word_1_291' title='bbox 1231 470 1408 503; x_wconf 84' lang='lat' dir='ltr'>haberetur</span> <span class='ocrx_word' id='word_1_292' title='bbox 1438 469 1462 503; x_wconf 91' lang='lat' dir='ltr'>si</span> <span class='ocrx_word' id='word_1_293' title='bbox 1493 470 1603 503; x_wconf 78' lang='lat' dir='ltr'>forent</span> <span class='ocrx_word' id='word_1_294' title='bbox 1630 469 1795 503; x_wconf 84' lang='lat' dir='ltr'>exhibitae</span> <span class='ocrx_word' id='word_1_295' title='bbox 1831 468 1881 502; x_wconf 83' lang='lat' dir='ltr'>vel</span> 
     </span>
     <span class='ocr_line' id='line_1_57' title="bbox 1146 528 1308 556; baseline 0.006 -1"><span class='ocrx_word' id='word_1_296' title='bbox 1146 528 1308 556; x_wconf 86' lang='lat' dir='ltr'>ostensae.</span> 
     </span>
    </p>

    <p class='ocr_par' dir='ltr' id='par_1_20' title="bbox 1146 575 1884 728">
     <span class='ocr_line' id='line_1_58' title="bbox 1189 575 1884 621; baseline 0.001 -13"><span class='ocrx_word' id='word_1_297' title='bbox 1189 576 1304 610; x_wconf 86' lang='lat' dir='ltr'>Datum</span> <span class='ocrx_word' id='word_1_298' title='bbox 1330 577 1459 616; x_wconf 78' lang='lat' dir='ltr'>Romae,</span> <span class='ocrx_word' id='word_1_299' title='bbox 1479 577 1565 621; x_wconf 86' lang='lat' dir='ltr'>apud</span> <span class='ocrx_word' id='word_1_300' title='bbox 1589 576 1619 610; x_wconf 91' lang='lat' dir='ltr'>S.</span> <span class='ocrx_word' id='word_1_301' title='bbox 1640 576 1768 610; x_wconf 86' lang='lat' dir='ltr'>Mariam</span> <span class='ocrx_word' id='word_1_302' title='bbox 1787 575 1884 610; x_wconf 85' lang='lat' dir='ltr'>Maio-</span> 
     </span>
     <span class='ocr_line' id='line_1_59' title="bbox 1146 629 1883 671; baseline 0 -9"><span class='ocrx_word' id='word_1_303' title='bbox 1146 640 1224 671; x_wconf 85' lang='lat' dir='ltr'>rem,</span> <span class='ocrx_word' id='word_1_304' title='bbox 1240 632 1298 664; x_wconf 89' lang='lat' dir='ltr'>sub</span> <span class='ocrx_word' id='word_1_305' title='bbox 1312 632 1433 664; x_wconf 89' lang='lat' dir='ltr'>annulo</span> <span class='ocrx_word' id='word_1_306' title='bbox 1448 630 1634 670; x_wconf 72' lang='lat' dir='ltr'>piscatoris,</span> <span class='ocrx_word' id='word_1_307' title='bbox 1648 630 1700 663; x_wconf 91' lang='lat' dir='ltr'>die</span> <span class='ocrx_word' id='word_1_308' title='bbox 1714 639 1789 663; x_wconf 79' lang='lat' dir='ltr'>xviii</span> <span class='ocrx_word' id='word_1_309' title='bbox 1804 629 1883 663; x_wconf 91' lang='lat' dir='ltr'>iunii</span> 
     </span>
     <span class='ocr_line' id='line_1_60' title="bbox 1146 683 1882 728; baseline -0.001 -11"><span class='ocrx_word' id='word_1_310' title='bbox 1146 694 1350 725; x_wconf 77' lang='lat' dir='ltr'>noctxxxvn,</span> <span class='ocrx_word' id='word_1_311' title='bbox 1379 684 1588 728; x_wconf 82' lang='lat' dir='ltr'>pontificatus</span> <span class='ocrx_word' id='word_1_312' title='bbox 1614 683 1715 717; x_wconf 85' lang='lat' dir='ltr'>nostri</span> <span class='ocrx_word' id='word_1_313' title='bbox 1736 694 1821 716; x_wconf 86' lang='lat' dir='ltr'>anno</span> <span class='ocrx_word' id='word_1_314' title='bbox 1839 693 1882 716; x_wconf 75' lang='lat' dir='ltr'>xi.</span> 
     </span>
    </p>
   </div>
   <div class='ocr_carea' id='block_1_18' title="bbox 1183 746 1805 782">
    <p class='ocr_par' dir='ltr' id='par_1_21' title="bbox 1183 746 1805 782">
     <span class='ocr_line' id='line_1_61' title="bbox 1183 746 1805 782; baseline -0.003 -8"><span class='ocrx_word' id='word_1_315' title='bbox 1183 747 1242 774; x_wconf 82' lang='lat' dir='ltr'>Dat.</span> <span class='ocrx_word' id='word_1_316' title='bbox 1260 747 1303 774; x_wconf 90' lang='lat' dir='ltr'>die</span> <span class='ocrx_word' id='word_1_317' title='bbox 1321 748 1353 775; x_wconf 80' lang='lat'>18</span> <span class='ocrx_word' id='word_1_318' title='bbox 1367 746 1436 774; x_wconf 92' lang='lat' dir='ltr'>iunii</span> <span class='ocrx_word' id='word_1_319' title='bbox 1459 747 1537 781; x_wconf 81' lang='lat'>1687,</span> <span class='ocrx_word' id='word_1_320' title='bbox 1558 746 1657 782; x_wconf 79' lang='lat' dir='ltr'>pontif.</span> <span class='ocrx_word' id='word_1_321' title='bbox 1678 753 1751 773; x_wconf 85' lang='lat' dir='ltr'>anno</span> <span class='ocrx_word' id='word_1_322' title='bbox 1767 752 1805 772; x_wconf 75' lang='grc' dir='ltr'>ιι.</span> 
     </span>
    </p>
   </div>
   <div class='ocr_carea' id='block_1_19' title="bbox 1442 890 1597 924">
    <p class='ocr_par' dir='ltr' id='par_1_22' title="bbox 1442 890 1597 924">
     <span class='ocr_line' id='line_1_62' title="bbox 1442 890 1597 924; baseline -0.006 -1"><span class='ocrx_word' id='word_1_323' title='bbox 1442 890 1597 924; x_wconf 79' lang='lat' dir='ltr'>CLXXIX.</span> 
     </span>
    </p>
   </div>
   <div class='ocr_carea' id='block_1_20' title="bbox 1147 968 1890 1066">
    <p class='ocr_par' dir='ltr' id='par_1_23' title="bbox 1147 968 1890 1066">
     <span class='ocr_line' id='line_1_63' title="bbox 1147 968 1890 1003; baseline -0.003 -1"><span class='ocrx_word' id='word_1_324' title='bbox 1147 970 1345 1003; x_wconf 79' lang='lat' dir='ltr'>Prohibetur</span> <span class='ocrx_word' id='word_1_325' title='bbox 1369 980 1408 1002; x_wconf 78' lang='lat' dir='ltr'>rte</span> <span class='ocrx_word' id='word_1_326' title='bbox 1424 970 1640 1002; x_wconf 71' lang='lat' dir='ltr'>extrahantur</span> <span class='ocrx_word' id='word_1_327' title='bbox 1657 969 1736 1001; x_wconf 80' lang='lat' dir='ltr'>libri</span> <span class='ocrx_word' id='word_1_328' title='bbox 1751 968 1890 1000; x_wconf 76' lang='lat' dir='ltr'>musica-</span> 
     </span>
     <span class='ocr_line' id='line_1_64' title="bbox 1193 1019 1888 1066; baseline -0.004 -10"><span class='ocrx_word' id='word_1_329' title='bbox 1193 1024 1237 1056; x_wconf 83' lang='lat' dir='ltr'>les</span> <span class='ocrx_word' id='word_1_330' title='bbox 1261 1034 1300 1056; x_wconf 75' lang='lat' dir='ltr'>esc</span> <span class='ocrx_word' id='word_1_331' title='bbox 1318 1023 1465 1056; x_wconf 76' lang='lat' dir='ltr'>archivio</span> <span class='ocrx_word' id='word_1_332' title='bbox 1483 1023 1649 1066; x_wconf 71' lang='lat' dir='ltr'>cappellae</span> <span class='ocrx_word' id='word_1_333' title='bbox 1663 1022 1851 1065; x_wconf 72' lang='lat' dir='ltr'>pontificiae</span> <span class='ocrx_word' id='word_1_334' title='bbox 1866 1019 1888 1053; x_wconf 87' lang='lat'>¹.</span> 
     </span>
    </p>
   </div>
   <div class='ocr_carea' id='block_1_21' title="bbox 1273 1104 1767 1182">
    <p class='ocr_par' dir='ltr' id='par_1_24' title="bbox 1273 1104 1767 1182">
     <span class='ocr_line' id='line_1_65' title="bbox 1335 1104 1705 1137; baseline -0.005 -6"><span class='ocrx_word' id='word_1_335' title='bbox 1335 1104 1533 1131; x_wconf 87' lang='lat' dir='ltr'>Innocentius</span> <span class='ocrx_word' id='word_1_336' title='bbox 1555 1104 1633 1137; x_wconf 85' lang='lat' dir='ltr'>Papa</span> <span class='ocrx_word' id='word_1_337' title='bbox 1655 1104 1705 1135; x_wconf 75' lang='lat' dir='ltr'>XI,</span> 
     </span>
     <span class='ocr_line' id='line_1_66' title="bbox 1273 1148 1767 1182; baseline -0.002 -7"><span class='ocrx_word' id='word_1_338' title='bbox 1273 1149 1309 1175; x_wconf 83' lang='lat' dir='ltr'>ad</span> <span class='ocrx_word' id='word_1_339' title='bbox 1330 1151 1505 1182; x_wconf 82' lang='lat' dir='ltr'>perpetuam</span> <span class='ocrx_word' id='word_1_340' title='bbox 1525 1148 1570 1174; x_wconf 89' lang='lat' dir='ltr'>rei</span> <span class='ocrx_word' id='word_1_341' title='bbox 1585 1148 1767 1174; x_wconf 81' lang='lat' dir='ltr'>memoriam.</span> 
     </span>
    </p>
   </div>
   <div class='ocr_carea' id='block_1_22' title="bbox 1194 1216 1888 1262">
    <p class='ocr_par' dir='ltr' id='par_1_25' title="bbox 1194 1216 1888 1262">
     <span class='ocr_line' id='line_1_67' title="bbox 1194 1216 1888 1262; baseline -0.004 -10"><span class='ocrx_word' id='word_1_342' title='bbox 1194 1219 1208 1262; x_wconf 62' lang='grc' dir='ltr'><strong>ἓ</strong></span> <span class='ocrx_word' id='word_1_343' title='bbox 1226 1218 1256 1251; x_wconf 79' lang='lat'>1.</span> <span class='ocrx_word' id='word_1_344' title='bbox 1269 1218 1355 1259; x_wconf 90' lang='lat' dir='ltr'>Cum,</span> <span class='ocrx_word' id='word_1_345' title='bbox 1368 1218 1451 1251; x_wconf 87' lang='lat' dir='ltr'>sicut</span> <span class='ocrx_word' id='word_1_346' title='bbox 1466 1218 1604 1251; x_wconf 86' lang='lat' dir='ltr'>dilectus</span> <span class='ocrx_word' id='word_1_347' title='bbox 1616 1217 1700 1250; x_wconf 83' lang='lat' dir='ltr'>silius</span> <span class='ocrx_word' id='word_1_348' title='bbox 1711 1216 1888 1250; x_wconf 88' lang='lat' dir='ltr'>modernus</span> 
     </span>
    </p>
   </div>
   <div class='ocr_carea' id='block_1_23' title="bbox 1128 1268 2086 1327">
    <p class='ocr_par' dir='ltr' id='par_1_26' title="bbox 1128 1268 2086 1327">
     <span class='ocr_line' id='line_1_68' title="bbox 1128 1268 2086 1327; baseline -0.006 -23"><span class='ocrx_word' id='word_1_349' title='bbox 1128 1271 1306 1314; x_wconf 80' lang='lat' dir='ltr'>¹magister</span> <span class='ocrx_word' id='word_1_350' title='bbox 1342 1271 1472 1313; x_wconf 76' lang='lat' dir='ltr'>collegii</span> <span class='ocrx_word' id='word_1_351' title='bbox 1505 1276 1673 1303; x_wconf 83' lang='lat' dir='ltr'>cantorum</span> <span class='ocrx_word' id='word_1_352' title='bbox 1705 1268 1890 1313; x_wconf 68' lang='lat' dir='ltr'>pontificiae</span> <span class='ocrx_word' id='word_1_353' title='bbox 1903 1277 2045 1327; x_wconf 57' lang='lat' dir='ltr'>÷n¹i·i1‘i‚¹i·i&#39;i³a¹¹⁰</span> <span class='ocrx_word' id='word_1_354' title='bbox 2063 1278 2086 1298; x_wconf 72' lang='lat' dir='ltr'>ut</span> 
     </span>
    </p>
   </div>
   <div class='ocr_carea' id='block_1_24' title="bbox 1151 1323 1896 1527">
    <p class='ocr_par' dir='ltr' id='par_1_27' title="bbox 1151 1323 1896 1527">
     <span class='ocr_line' id='line_1_69' title="bbox 1151 1323 1891 1367; baseline -0.004 -10"><span class='ocrx_word' id='word_1_355' title='bbox 1151 1331 1281 1357; x_wconf 86' lang='lat' dir='ltr'>nostrae</span> <span class='ocrx_word' id='word_1_356' title='bbox 1311 1325 1479 1367; x_wconf 73' lang='lat' dir='ltr'>cappellae</span> <span class='ocrx_word' id='word_1_357' title='bbox 1516 1323 1610 1356; x_wconf 91' lang='lat' dir='ltr'>nobis</span> <span class='ocrx_word' id='word_1_358' title='bbox 1641 1333 1747 1366; x_wconf 88' lang='lat' dir='ltr'>nuper</span> <span class='ocrx_word' id='word_1_359' title='bbox 1771 1332 1891 1365; x_wconf 80' lang='lat' dir='ltr'>exponi</span> 
     </span>
     <span class='ocr_line' id='line_1_70' title="bbox 1152 1376 1893 1418; baseline -0.004 -7"><span class='ocrx_word' id='word_1_360' title='bbox 1152 1378 1234 1418; x_wconf 80' lang='lat' dir='ltr'>feeit,</span> <span class='ocrx_word' id='word_1_361' title='bbox 1263 1378 1435 1413; x_wconf 72' lang='lat' dir='ltr'>occasione</span> <span class='ocrx_word' id='word_1_362' title='bbox 1461 1376 1631 1410; x_wconf 85' lang='lat' dir='ltr'>inventarii</span> <span class='ocrx_word' id='word_1_363' title='bbox 1649 1376 1806 1409; x_wconf 87' lang='lat' dir='ltr'>librorum</span> <span class='ocrx_word' id='word_1_364' title='bbox 1823 1386 1893 1408; x_wconf 82' lang='lat' dir='ltr'>rnu-</span> 
     </span>
     <span class='ocr_line' id='line_1_71' title="bbox 1151 1429 1896 1473; baseline -0.003 -10"><span class='ocrx_word' id='word_1_365' title='bbox 1151 1432 1298 1464; x_wconf 83' lang='lat' dir='ltr'>sicalium</span> <span class='ocrx_word' id='word_1_366' title='bbox 1325 1432 1364 1463; x_wconf 86' lang='lat' dir='ltr'>ad</span> <span class='ocrx_word' id='word_1_367' title='bbox 1391 1431 1509 1463; x_wconf 86' lang='lat' dir='ltr'>dietam</span> <span class='ocrx_word' id='word_1_368' title='bbox 1540 1429 1722 1473; x_wconf 86' lang='lat' dir='ltr'>cappellam</span> <span class='ocrx_word' id='word_1_369' title='bbox 1748 1433 1896 1472; x_wconf 79' lang='lat' dir='ltr'>spectan-</span> 
     </span>
     <span class='ocr_line' id='line_1_72' title="bbox 1153 1481 1893 1527; baseline -0.003 -11"><span class='ocrx_word' id='word_1_370' title='bbox 1153 1485 1241 1525; x_wconf 87' lang='lat' dir='ltr'>tium,</span> <span class='ocrx_word' id='word_1_371' title='bbox 1257 1495 1321 1517; x_wconf 92' lang='lat' dir='ltr'>non</span> <span class='ocrx_word' id='word_1_372' title='bbox 1341 1484 1382 1516; x_wconf 84' lang='lat' dir='ltr'>ita</span> <span class='ocrx_word' id='word_1_373' title='bbox 1403 1483 1529 1526; x_wconf 82' lang='lat' dir='ltr'>pridem</span> <span class='ocrx_word' id='word_1_374' title='bbox 1548 1493 1606 1527; x_wconf 87' lang='lat' dir='ltr'>per</span> <span class='ocrx_word' id='word_1_375' title='bbox 1619 1483 1726 1526; x_wconf 87' lang='lat' dir='ltr'>ipsum</span> <span class='ocrx_word' id='word_1_376' title='bbox 1743 1481 1893 1522; x_wconf 84' lang='lat' dir='ltr'>consecti,</span> 
     </span>
    </p>
   </div>
   <div class='ocr_carea' id='block_1_25' title="bbox 1130 1534 1894 1581">
    <p class='ocr_par' dir='ltr' id='par_1_28' title="bbox 1130 1534 1894 1581">
     <span class='ocr_line' id='line_1_73' title="bbox 1130 1534 1894 1581; baseline 0 -14"><span class='ocrx_word' id='word_1_377' title='bbox 1130 1539 1243 1581; x_wconf 74' lang='lat' dir='ltr'>:plura</span> <span class='ocrx_word' id='word_1_378' title='bbox 1269 1538 1429 1570; x_wconf 84' lang='lat' dir='ltr'>dictorum</span> <span class='ocrx_word' id='word_1_379' title='bbox 1454 1537 1611 1569; x_wconf 84' lang='lat' dir='ltr'>librorum</span> <span class='ocrx_word' id='word_1_380' title='bbox 1645 1535 1738 1576; x_wconf 85' lang='lat' dir='ltr'>solia,</span> <span class='ocrx_word' id='word_1_381' title='bbox 1764 1535 1798 1567; x_wconf 92' lang='lat' dir='ltr'>in</span> <span class='ocrx_word' id='word_1_382' title='bbox 1824 1534 1894 1578; x_wconf 90' lang='lat' dir='ltr'>qui-</span> 
     </span>
    </p>
   </div>
   <div class='ocr_carea' id='block_1_26' title="bbox 1153 1588 1894 1687">
    <p class='ocr_par' dir='ltr' id='par_1_29' title="bbox 1153 1588 1894 1687">
     <span class='ocr_line' id='line_1_74' title="bbox 1154 1588 1894 1633; baseline -0.003 -10"><span class='ocrx_word' id='word_1_383' title='bbox 1154 1592 1211 1623; x_wconf 89' lang='lat' dir='ltr'>bus</span> <span class='ocrx_word' id='word_1_384' title='bbox 1238 1590 1363 1623; x_wconf 74' lang='lat' dir='ltr'>diversa</span> <span class='ocrx_word' id='word_1_385' title='bbox 1387 1589 1559 1622; x_wconf 86' lang='lat' dir='ltr'>missarum</span> <span class='ocrx_word' id='word_1_386' title='bbox 1576 1589 1756 1633; x_wconf 85' lang='lat' dir='ltr'>primordia</span> <span class='ocrx_word' id='word_1_387' title='bbox 1774 1588 1894 1622; x_wconf 86' lang='lat' dir='ltr'>deseri-</span> 
     </span>
     <span class='ocr_line' id='line_1_75' title="bbox 1153 1641 1893 1687; baseline -0.004 -11"><span class='ocrx_word' id='word_1_388' title='bbox 1153 1650 1207 1687; x_wconf 84' lang='lat' dir='ltr'>pta</span> <span class='ocrx_word' id='word_1_389' title='bbox 1232 1649 1334 1684; x_wconf 86' lang='lat' dir='ltr'>erant,</span> <span class='ocrx_word' id='word_1_390' title='bbox 1360 1654 1416 1676; x_wconf 83' lang='lat' dir='ltr'>seu</span> <span class='ocrx_word' id='word_1_391' title='bbox 1442 1643 1539 1676; x_wconf 82' lang='lat' dir='ltr'>etiam</span> <span class='ocrx_word' id='word_1_392' title='bbox 1569 1643 1602 1675; x_wconf 90' lang='lat' dir='ltr'>in</span> <span class='ocrx_word' id='word_1_393' title='bbox 1629 1642 1746 1685; x_wconf 83' lang='lat' dir='ltr'>quibus</span> <span class='ocrx_word' id='word_1_394' title='bbox 1770 1641 1893 1684; x_wconf 81' lang='lat' dir='ltr'>figurae</span> 
     </span>
    </p>
   </div>
   <div class='ocr_carea' id='block_1_27' title="bbox 1154 1747 1897 2517">
    <p class='ocr_par' dir='ltr' id='par_1_30' title="bbox 1154 1747 1896 2328">
     <span class='ocr_line' id='line_1_76' title="bbox 1155 1747 1896 1795; baseline -0.004 -12"><span class='ocrx_word' id='word_1_395' title='bbox 1155 1751 1335 1795; x_wconf 72' lang='lat' dir='ltr'>descriptae</span> <span class='ocrx_word' id='word_1_396' title='bbox 1361 1750 1625 1793; x_wconf 82' lang='lat' dir='ltr'>reperiebantur,</span> <span class='ocrx_word' id='word_1_397' title='bbox 1652 1759 1689 1781; x_wconf 88' lang='lat' dir='ltr'>ae</span> <span class='ocrx_word' id='word_1_398' title='bbox 1713 1748 1823 1781; x_wconf 77' lang='lat' dir='ltr'>forsan</span> <span class='ocrx_word' id='word_1_399' title='bbox 1849 1747 1896 1780; x_wconf 86' lang='lat' dir='ltr'>in-</span> 
     </span>
     <span class='ocr_line' id='line_1_77' title="bbox 1155 1800 1894 1847; baseline -0.007 -10"><span class='ocrx_word' id='word_1_400' title='bbox 1155 1810 1245 1847; x_wconf 74' lang='lat' dir='ltr'>tegra</span> <span class='ocrx_word' id='word_1_401' title='bbox 1269 1804 1431 1837; x_wconf 84' lang='lat' dir='ltr'>volumina</span> <span class='ocrx_word' id='word_1_402' title='bbox 1456 1814 1493 1836; x_wconf 83' lang='lat' dir='ltr'>ex</span> <span class='ocrx_word' id='word_1_403' title='bbox 1512 1802 1653 1835; x_wconf 86' lang='lat' dir='ltr'>archivio</span> <span class='ocrx_word' id='word_1_404' title='bbox 1670 1813 1726 1835; x_wconf 86' lang='lat' dir='ltr'>seu</span> <span class='ocrx_word' id='word_1_405' title='bbox 1747 1800 1894 1834; x_wconf 68' lang='lat' dir='ltr'>custodia</span> 
     </span>
     <span class='ocr_line' id='line_1_78' title="bbox 1155 1855 1896 1901; baseline -0.004 -11"><span class='ocrx_word' id='word_1_406' title='bbox 1155 1858 1258 1890; x_wconf 83' lang='lat' dir='ltr'>dictae</span> <span class='ocrx_word' id='word_1_407' title='bbox 1276 1858 1444 1901; x_wconf 81' lang='lat' dir='ltr'>cappellae</span> <span class='ocrx_word' id='word_1_408' title='bbox 1471 1857 1502 1888; x_wconf 90' lang='lat' dir='ltr'>in</span> <span class='ocrx_word' id='word_1_409' title='bbox 1528 1866 1622 1898; x_wconf 79' lang='lat' dir='ltr'>grave</span> <span class='ocrx_word' id='word_1_410' title='bbox 1640 1855 1785 1888; x_wconf 87' lang='lat' dir='ltr'>eiusdem</span> <span class='ocrx_word' id='word_1_411' title='bbox 1804 1864 1896 1897; x_wconf 83' lang='lat' dir='ltr'>prae-</span> 
     </span>
     <span class='ocr_line' id='line_1_79' title="bbox 1154 1908 1892 1950; baseline -0.005 -7"><span class='ocrx_word' id='word_1_412' title='bbox 1154 1911 1306 1943; x_wconf 87' lang='lat' dir='ltr'>iudicium</span> <span class='ocrx_word' id='word_1_413' title='bbox 1349 1915 1468 1943; x_wconf 87' lang='lat' dir='ltr'>temere</span> <span class='ocrx_word' id='word_1_414' title='bbox 1499 1909 1624 1942; x_wconf 88' lang='lat' dir='ltr'>sublata</span> <span class='ocrx_word' id='word_1_415' title='bbox 1653 1908 1751 1941; x_wconf 76' lang='lat' dir='ltr'>luisse</span> <span class='ocrx_word' id='word_1_416' title='bbox 1775 1917 1892 1950; x_wconf 86' lang='lat' dir='ltr'>reper-</span> 
     </span>
     <span class='ocr_line' id='line_1_80' title="bbox 1156 1960 1895 2005; baseline -0.004 -9"><span class='ocrx_word' id='word_1_417' title='bbox 1156 1971 1221 1997; x_wconf 87' lang='lat' dir='ltr'>tum</span> <span class='ocrx_word' id='word_1_418' title='bbox 1247 1964 1363 1996; x_wconf 79' lang='lat' dir='ltr'>suerit:</span> <span class='ocrx_word' id='word_1_419' title='bbox 1390 1974 1459 2003; x_wconf 90' lang='lat' dir='ltr'>nos,</span> <span class='ocrx_word' id='word_1_420' title='bbox 1482 1962 1626 1996; x_wconf 87' lang='lat' dir='ltr'>eiusdem</span> <span class='ocrx_word' id='word_1_421' title='bbox 1653 1961 1821 2005; x_wconf 85' lang='lat' dir='ltr'>cappellae</span> <span class='ocrx_word' id='word_1_422' title='bbox 1845 1960 1895 1993; x_wconf 88' lang='lat' dir='ltr'>in-</span> 
     </span>
     <span class='ocr_line' id='line_1_81' title="bbox 1156 2013 1894 2057; baseline -0.005 -6"><span class='ocrx_word' id='word_1_423' title='bbox 1156 2017 1335 2057; x_wconf 85' lang='lat' dir='ltr'>demnitati,</span> <span class='ocrx_word' id='word_1_424' title='bbox 1351 2017 1440 2050; x_wconf 86' lang='lat' dir='ltr'>euius</span> <span class='ocrx_word' id='word_1_425' title='bbox 1454 2027 1528 2049; x_wconf 90' lang='lat' dir='ltr'>eura</span> <span class='ocrx_word' id='word_1_426' title='bbox 1543 2016 1696 2049; x_wconf 86' lang='lat' dir='ltr'>strictiori</span> <span class='ocrx_word' id='word_1_427' title='bbox 1713 2016 1784 2047; x_wconf 89' lang='lat' dir='ltr'>iure</span> <span class='ocrx_word' id='word_1_428' title='bbox 1798 2013 1894 2048; x_wconf 84' lang='lat' dir='ltr'>nobis</span> 
     </span>
     <span class='ocr_line' id='line_1_82' title="bbox 1157 2070 1895 2110; baseline -0.005 -6"><span class='ocrx_word' id='word_1_429' title='bbox 1157 2070 1334 2110; x_wconf 85' lang='lat' dir='ltr'>incumbit,</span> <span class='ocrx_word' id='word_1_430' title='bbox 1366 2082 1402 2103; x_wconf 88' lang='lat' dir='ltr'>ac</span> <span class='ocrx_word' id='word_1_431' title='bbox 1436 2070 1594 2103; x_wconf 84' lang='lat' dir='ltr'>dictorum</span> <span class='ocrx_word' id='word_1_432' title='bbox 1626 2070 1786 2103; x_wconf 89' lang='lat' dir='ltr'>librorum</span> <span class='ocrx_word' id='word_1_433' title='bbox 1817 2078 1895 2101; x_wconf 89' lang='lat' dir='ltr'>con-</span> 
     </span>
     <span class='ocr_line' id='line_1_83' title="bbox 1158 2123 1895 2167; baseline -0.001 -10"><span class='ocrx_word' id='word_1_434' title='bbox 1158 2124 1347 2164; x_wconf 77' lang='lat' dir='ltr'>servationi,</span> <span class='ocrx_word' id='word_1_435' title='bbox 1379 2129 1535 2167; x_wconf 81' lang='lat' dir='ltr'>quantuni</span> <span class='ocrx_word' id='word_1_436' title='bbox 1562 2134 1635 2156; x_wconf 86' lang='lat' dir='ltr'>cum</span> <span class='ocrx_word' id='word_1_437' title='bbox 1657 2123 1793 2157; x_wconf 89' lang='lat' dir='ltr'>Domino</span> <span class='ocrx_word' id='word_1_438' title='bbox 1818 2133 1895 2166; x_wconf 88' lang='lat' dir='ltr'>pos-</span> 
     </span>
     <span class='ocr_line' id='line_1_84' title="bbox 1157 2175 1896 2221; baseline -0.003 -10"><span class='ocrx_word' id='word_1_439' title='bbox 1157 2188 1273 2217; x_wconf 87' lang='lat' dir='ltr'>sumus,</span> <span class='ocrx_word' id='word_1_440' title='bbox 1289 2178 1428 2221; x_wconf 78' lang='lat' dir='ltr'>benigne</span> <span class='ocrx_word' id='word_1_441' title='bbox 1454 2178 1638 2217; x_wconf 87' lang='lat' dir='ltr'>consulere,</span> <span class='ocrx_word' id='word_1_442' title='bbox 1664 2187 1793 2210; x_wconf 90' lang='lat' dir='ltr'>necnon</span> <span class='ocrx_word' id='word_1_443' title='bbox 1811 2175 1896 2209; x_wconf 87' lang='lat' dir='ltr'>eius·</span> 
     </span>
     <span class='ocr_line' id='line_1_85' title="bbox 1158 2232 1895 2274; baseline -0.001 -10"><span class='ocrx_word' id='word_1_444' title='bbox 1158 2232 1244 2265; x_wconf 88' lang='lat' dir='ltr'>modi</span> <span class='ocrx_word' id='word_1_445' title='bbox 1270 2232 1362 2265; x_wconf 86' lang='lat' dir='ltr'>malis</span> <span class='ocrx_word' id='word_1_446' title='bbox 1398 2232 1430 2264; x_wconf 91' lang='lat' dir='ltr'>in</span> <span class='ocrx_word' id='word_1_447' title='bbox 1454 2236 1620 2274; x_wconf 86' lang='lat' dir='ltr'>posterum</span> <span class='ocrx_word' id='word_1_448' title='bbox 1645 2240 1817 2264; x_wconf 87' lang='lat' dir='ltr'>occurrere</span> <span class='ocrx_word' id='word_1_449' title='bbox 1840 2240 1895 2263; x_wconf 91' lang='lat' dir='ltr'>vo-</span> 
     </span>
     <span class='ocr_line' id='line_1_86' title="bbox 1158 2282 1892 2328; baseline -0.001 -11"><span class='ocrx_word' id='word_1_450' title='bbox 1158 2286 1278 2325; x_wconf 89' lang='lat' dir='ltr'>lentes,</span> <span class='ocrx_word' id='word_1_451' title='bbox 1302 2295 1342 2317; x_wconf 87' lang='lat' dir='ltr'>ne</span> <span class='ocrx_word' id='word_1_452' title='bbox 1369 2285 1408 2317; x_wconf 92' lang='lat' dir='ltr'>de</span> <span class='ocrx_word' id='word_1_453' title='bbox 1434 2290 1543 2318; x_wconf 88' lang='lat' dir='ltr'>cetero</span> <span class='ocrx_word' id='word_1_454' title='bbox 1568 2282 1755 2328; x_wconf 61' lang='lat' dir='ltr'>qussnam‘,</span> <span class='ocrx_word' id='word_1_455' title='bbox 1781 2282 1892 2327; x_wconf 87' lang='lat' dir='ltr'>quavis</span> 
     </span>
    </p>

    <p class='ocr_par' dir='ltr' id='par_1_31' title="bbox 1158 2354 1897 2517">
     <span class='ocr_line' id='line_1_87' title="bbox 1195 2354 1897 2390; baseline -0.001 -8"><span class='ocrx_word' id='word_1_456' title='bbox 1195 2356 1204 2381; x_wconf 85' lang='lat'>1</span> <span class='ocrx_word' id='word_1_457' title='bbox 1228 2355 1377 2390; x_wconf 81' lang='lat' dir='ltr'>Collegium</span> <span class='ocrx_word' id='word_1_458' title='bbox 1397 2359 1537 2382; x_wconf 87' lang='lat' dir='ltr'>cantorum</span> <span class='ocrx_word' id='word_1_459' title='bbox 1552 2355 1690 2390; x_wconf 86' lang='lat' dir='ltr'>cappellae</span> <span class='ocrx_word' id='word_1_460' title='bbox 1705 2358 1825 2382; x_wconf 84' lang='lat' dir='ltr'>erectum</span> <span class='ocrx_word' id='word_1_461' title='bbox 1846 2354 1897 2381; x_wconf 81' lang='lat' dir='ltr'>fuit</span> 
     </span>
     <span class='ocr_line' id='line_1_88' title="bbox 1158 2397 1894 2438; baseline -0.001 -13"><span class='ocrx_word' id='word_1_462' title='bbox 1158 2406 1173 2425; x_wconf 86' lang='lat' dir='ltr'>a</span> <span class='ocrx_word' id='word_1_463' title='bbox 1187 2397 1259 2424; x_wconf 85' lang='lat' dir='ltr'>Sixto</span> <span class='ocrx_word' id='word_1_464' title='bbox 1271 2397 1300 2432; x_wconf 82' lang='lat' dir='ltr'>V,</span> <span class='ocrx_word' id='word_1_465' title='bbox 1317 2401 1402 2424; x_wconf 85' lang='lat' dir='ltr'>const.</span> <span class='ocrx_word' id='word_1_466' title='bbox 1419 2397 1462 2425; x_wconf 83' lang='lat' dir='ltr'>ed.</span> <span class='ocrx_word' id='word_1_467' title='bbox 1478 2404 1620 2430; x_wconf 77' lang='lat' dir='ltr'>nntxxxw,</span> <span class='ocrx_word' id='word_1_468' title='bbox 1637 2397 1679 2424; x_wconf 82' lang='lat' dir='ltr'>die</span> <span class='ocrx_word' id='word_1_469' title='bbox 1695 2399 1703 2423; x_wconf 83' lang='lat'>1</span> <span class='ocrx_word' id='word_1_470' title='bbox 1722 2397 1894 2438; x_wconf 73' lang='lat' dir='ltr'>septembris,</span> 
     </span>
     <span class='ocr_line' id='line_1_89' title="bbox 1160 2439 1894 2474; baseline 0 -8"><span class='ocrx_word' id='word_1_471' title='bbox 1160 2439 1252 2473; x_wconf 82' lang='lat' dir='ltr'>pontis.</span> <span class='ocrx_word' id='word_1_472' title='bbox 1274 2446 1308 2471; x_wconf 71' lang='grc' dir='ltr'>υς</span> <span class='ocrx_word' id='word_1_473' title='bbox 1332 2443 1358 2466; x_wconf 85' lang='lat' dir='ltr'>et</span> <span class='ocrx_word' id='word_1_474' title='bbox 1377 2440 1411 2467; x_wconf 76' lang='lat' dir='ltr'>ab</span> <span class='ocrx_word' id='word_1_475' title='bbox 1431 2440 1581 2467; x_wconf 80' lang='lat' dir='ltr'>Alexandro</span> <span class='ocrx_word' id='word_1_476' title='bbox 1600 2439 1669 2474; x_wconf 89' lang='lat' dir='ltr'>VIlI,</span> <span class='ocrx_word' id='word_1_477' title='bbox 1686 2440 1712 2467; x_wconf 91' lang='lat' dir='ltr'>in</span> <span class='ocrx_word' id='word_1_478' title='bbox 1727 2440 1834 2468; x_wconf 82' lang='lat' dir='ltr'>constit.</span> <span class='ocrx_word' id='word_1_479' title='bbox 1850 2439 1894 2467; x_wconf 76' lang='lat' dir='ltr'>ed.</span> 
     </span>
     <span class='ocr_line' id='line_1_90' title="bbox 1158 2482 1896 2517; baseline 0.005 -10"><span class='ocrx_word' id='word_1_480' title='bbox 1158 2488 1256 2513; x_wconf 77' lang='lat' dir='ltr'>unexc,</span> <span class='ocrx_word' id='word_1_481' title='bbox 1283 2482 1325 2509; x_wconf 85' lang='lat' dir='ltr'>die</span> <span class='ocrx_word' id='word_1_482' title='bbox 1340 2484 1368 2508; x_wconf 68' lang='grc'>21</span> <span class='ocrx_word' id='word_1_483' title='bbox 1389 2482 1525 2515; x_wconf 84' lang='lat' dir='ltr'>octobris,</span> <span class='ocrx_word' id='word_1_484' title='bbox 1547 2483 1641 2517; x_wconf 82' lang='lat' dir='ltr'>pontif.</span> <span class='ocrx_word' id='word_1_485' title='bbox 1667 2489 1693 2516; x_wconf 84' lang='grc' dir='ltr'>ιι,</span> <span class='ocrx_word' id='word_1_486' title='bbox 1714 2482 1801 2510; x_wconf 86' lang='lat' dir='ltr'>editae</span> <span class='ocrx_word' id='word_1_487' title='bbox 1821 2483 1896 2511; x_wconf 75' lang='lat' dir='ltr'>suero</span> 
     </span>
    </p>
   </div>
   <div class='ocr_carea' id='block_1_28' title="bbox 1158 2524 1898 2601">
    <p class='ocr_par' dir='ltr' id='par_1_32' title="bbox 1158 2524 1898 2601">
     <span class='ocr_line' id='line_1_91' title="bbox 1159 2524 1898 2560; baseline 0.004 -10"><span class='ocrx_word' id='word_1_488' title='bbox 1159 2524 1303 2551; x_wconf 66' lang='lat' dir='ltr'>nonnullae</span> <span class='ocrx_word' id='word_1_489' title='bbox 1319 2524 1503 2551; x_wconf 86' lang='lat' dir='ltr'>ordinationes</span> <span class='ocrx_word' id='word_1_490' title='bbox 1518 2524 1589 2551; x_wconf 79' lang='lat' dir='ltr'>circa</span> <span class='ocrx_word' id='word_1_491' title='bbox 1603 2524 1686 2551; x_wconf 86' lang='lat' dir='ltr'>libros</span> <span class='ocrx_word' id='word_1_492' title='bbox 1700 2524 1819 2552; x_wconf 82' lang='lat' dir='ltr'>eiusdem</span> <span class='ocrx_word' id='word_1_493' title='bbox 1834 2532 1898 2560; x_wconf 82' lang='lat' dir='ltr'>cap·</span> 
     </span>
     <span class='ocr_line' id='line_1_92' title="bbox 1158 2566 1253 2601; baseline 0 -9"><span class='ocrx_word' id='word_1_494' title='bbox 1158 2566 1253 2601; x_wconf 85' lang='lat' dir='ltr'>pellae.</span> 
     </span>
    </p>
   </div>
   <div class='ocr_carea' id='block_1_29' title="bbox 1193 2611 1701 2648">
    <p class='ocr_par' dir='ltr' id='par_1_33' title="bbox 1193 2611 1701 2648">
     <span class='ocr_line' id='line_1_93' title="bbox 1193 2611 1701 2648; baseline 0.004 -11"><span class='ocrx_word' id='word_1_495' title='bbox 1193 2611 1209 2637; x_wconf 81' lang='lat'><strong>2</strong></span> <span class='ocrx_word' id='word_1_496' title='bbox 1229 2611 1321 2647; x_wconf 75' lang='lat' dir='ltr'>Aptius</span> <span class='ocrx_word' id='word_1_497' title='bbox 1340 2611 1399 2647; x_wconf 76' lang='lat' dir='ltr'>lege</span> <span class='ocrx_word' id='word_1_498' title='bbox 1420 2612 1574 2647; x_wconf 74' lang='lat' dir='ltr'>quisquam</span> <span class='ocrx_word' id='word_1_499' title='bbox 1593 2612 1632 2648; x_wconf 71' lang='lat' dir='ltr'>(a.</span> <span class='ocrx_word' id='word_1_500' title='bbox 1652 2613 1701 2646; x_wconf 82' lang='grc' dir='ltr'>Τ.).</span> 
     </span>
    </p>
   </div>
   <div class='ocr_carea' id='block_1_30' title="bbox 1880 207 2068 236">
    <p class='ocr_par' dir='ltr' id='par_1_34' title="bbox 1880 207 2068 236">
     <span class='ocr_line' id='line_1_94' title="bbox 1880 207 2068 236; baseline -0.005 0"><span class='ocrx_word' id='word_1_501' title='bbox 1880 207 1934 236; x_wconf 82' lang='lat' dir='ltr'>An.</span> <span class='ocrx_word' id='word_1_502' title='bbox 1949 207 1980 236; x_wconf 82' lang='lat' dir='ltr'>C.</span> <span class='ocrx_word' id='word_1_503' title='bbox 2002 207 2068 235; x_wconf 72' lang='lat'>¹687</span> 
     </span>
    </p>
   </div>
  </div>
 </body>
</html>
