2111 3157
3 190 31 211 u.
47 181 77 212 C.
97 181 164 210 1688

165 387 377 431 professionis
395 388 512 421 reverti
530 388 674 427 voluerit,
689 393 720 421 ct
733 388 815 420 cella
832 397 897 419 non
917 397 919 430 ,¹

164 440 340 481 vacaverit,
365 441 453 474 locus
477 441 506 474 ei
530 446 715 484 competens
742 445 773 472 et
798 437 919 479 lione-J

164 496 231 525 stus
255 498 343 526 extra
368 494 482 527 cellim
501 493 618 537 prioris
642 492 770 524 interim
796 491 896 534 depu-
917 493 918 500 ¹

163 549 260 578 tetur.
285 545 320 578 In
345 546 481 579 ecclesia
499 557 574 579 vero
606 551 637 577 et
661 544 737 577 alibi
762 544 793 576 in
819 555 896 577 con-

161 603 258 630 ventu
283 599 373 632 locus
399 599 427 632 ei
459 599 562 639 detur,
599 598 775 631 secundum
807 598 892 640 quod

161 650 220 683 suit
244 651 277 684 in
302 651 433 686 Ordine.

202 714 304 738 xxxvi.
323 704 635 738 Potestetiamidem
662 704 892 737 absolutuseli·

159 766 236 798 gere
260 767 493 801 quamcumque
527 758 657 790 domun]
693 756 779 789 illius
818 767 893 799 pro-

157 808 290 848 vinciae,
314 809 348 841 in
378 820 441 852 qua
473 814 522 842 est
552 809 613 842 sita
649 810 763 842 doinus
789 820 805 841 a
830 820 891 851 qua

157 860 342 901 absolvitur,
369 862 395 894 si
420 862 544 902 domus,
569 873 663 906 quam
691 862 789 904 eligit,
815 862 891 894 velit

155 912 247 947 illum
271 914 433 958 recipere.
453 915 642 958 Propterea,
661 920 695 947 ut
716 915 820 948 eidem
837 916 889 946 ab·

155 967 263 1000 soluto
285 967 495 1010 provideatur
519 973 551 1000 et
575 967 773 1009 evagationis
790 973 889 999 mute-

154 1018 202 1051 ria
230 1019 459 1060 subtrahatur,
490 1020 678 1054 ordinamus
715 1021 799 1063 quod
831 1021 887 1054 ab-

155 1072 282 1105 solutus
298 1082 364 1105 non
383 1073 515 1106 recedat
531 1079 619 1106 extra
640 1074 768 1106 domuin
788 1084 805 1105 a
826 1084 888 1116 qua

154 1125 344 1166 absolvitur,
368 1126 429 1159 nisi
453 1126 542 1170 prius
568 1127 664 1160 suerit
688 1127 796 1160 debite
821 1137 888 1160 rer-

153 1177 291 1211 tit'icatus
316 1178 402 1222 quod
433 1179 524 1223 prior
559 1186 591 1213 et
623 1185 801 1213 conventus
833 1180 888 1213 do-

153 1241 235 1271 mus,
261 1242 357 1275 quam
381 1232 483 1275 eligit,
510 1233 668 1267 voluerint
704 1243 774 1265 euni
809 1234 888 1266 reei—

153 1293 240 1326 pere,
258 1289 292 1316 ut
316 1290 403 1325 tunc,
425 1291 456 1318 et
480 1296 544 1319 non
570 1291 653 1327 ante,
680 1286 793 1319 domus
818 1287 884 1324 illa,

152 1335 203 1370 cui
228 1336 378 1380 praefuit,
404 1338 560 1381 pecunias
585 1350 642 1382 pro
669 1339 818 1382 expensis
837 1339 886 1371 iti-

152 1389 239 1422 neris
265 1390 462 1424 necessarias
487 1392 525 1424 ad
553 1391 755 1435 praedictum
779 1393 884 1425 locum

152 1452 227 1475 cum
251 1453 334 1486 equo
352 1448 383 1476 et
403 1443 521 1477 famulo
543 1445 589 1477 eis
606 1445 776 1478 ministret.
796 1445 885 1483 Quod
907 1470 910 1511 ι

153 1494 179 1527 si
215 1495 416 1538 diligentiam
452 1497 563 1530 fecerit
598 1497 659 1530 ium
695 1498 726 1530 in
764 1498 887 1530 duabus

154 1545 315 1587 domibus,
339 1553 374 1580 ut
398 1548 437 1581 ab
458 1551 521 1581 una
559 1554 612 1581 aut
637 1551 736 1583 alterat
761 1550 886 1583 illarum

154 1600 364 1644 reciperetur,
382 1606 413 1633 et
434 1612 493 1634 nec
518 1602 562 1634 sic
583 1602 713 1645 quidem
738 1609 887 1645 receptus
907 1614 910 1668 ἰ

155 1649 259 1691 tuerit,
285 1653 489 1696 postmodum
515 1660 568 1686 aut
588 1660 716 1687 mancat
732 1655 762 1687 in
790 1656 886 1688 domo
907 1671 909 1675 ·

154 1715 171 1738 a
195 1716 258 1749 qua
281 1705 469 1747 absolvitur,
493 1712 548 1739 aut
579 1708 617 1740 ad
650 1708 779 1740 domum
811 1719 885 1741 suae

153 1759 370 1802 professionis
396 1765 592 1801 revertatur,
621 1761 724 1794 donec
748 1772 887 1804 sequens
907 1778 909 1781 ·

155 1811 330 1855 capitulum
354 1814 517 1856 generale,
548 1819 601 1846 aut
632 1814 761 1847 interim
801 1826 888 1847 reve-

155 1864 276 1898 rendus
300 1871 392 1909 pater
404 1865 603 1907 Carthusiae,
621 1867 645 1899 si
664 1867 725 1900 hoc
745 1869 886 1911 petierit,

155 1917 248 1950 aliter
271 1918 299 1951 ei
324 1918 502 1962 provideat.

198 1980 312 2004 xxxvlt.
328 1971 430 2011 Prior,
447 1972 500 2015 qui
518 1983 584 2005 non
609 1974 886 2016 proptercrimcn,

156 2023 213 2057 sed
233 2029 368 2067 propter
384 2024 478 2057 aliam
499 2026 626 2068 culpam
648 2026 811 2069 depositus
831 2033 888 2067 est,

158 2077 190 2110 in
215 2076 277 2110 alia
302 2076 434 2120 quidem
459 2077 553 2111 domo
578 2079 700 2121 poterit
724 2080 808 2122 eligi,
828 2081 888 2113 nisi

157 2129 346 2173 specialiter
369 2140 386 2162 a
411 2129 551 2173 capitulo
577 2132 719 2173 generali
746 2133 805 2165 sibi
826 2134 891 2166 sue-

158 2182 201 2216 rit
217 2182 434 2222 interdictum,
452 2182 507 2215 sed
528 2183 561 2215 in
582 2183 699 2216 amissa
716 2194 890 2227 nunquam,

158 2236 218 2269 nisi
244 2237 284 2270 de
309 2235 441 2269 licentia
466 2235 595 2278 capituli
619 2237 789 2278 generalis.
815 2238 890 2270 Cum

158 2288 248 2332 prior
283 2293 313 2321 et
337 2292 530 2330 procurator
560 2297 618 2330 pro
651 2288 763 2320 eedem
799 2291 892 2332 eulpa

160 2350 233 2373 suas
251 2339 401 2373 amittunt
417 2338 619 2372 obedientias
633 2366 640 2379 ,
660 2339 690 2371 in
709 2339 777 2382 ipsa
798 2340 892 2374 domo
913 2374 915 2388 ζ

161 2402 227 2425 non
251 2392 373 2425 debent
405 2391 527 2424 habere
563 2391 701 2431 easdem,
739 2392 841 2425 donec
877 2405 915 2426 a¹

160 2444 301 2488 capitulo
325 2444 554 2477 concedantur.

204 2496 416 2530 xxxv111.Cum
426 2496 524 2540 prior,
535 2501 668 2540 propter
678 2496 894 2531 infirmitatem

756 180 967 206 tNNOssENTItS
991 181 1019 204 xi
1047 182 1093 204 rr.

169 240 229 264 suo
253 231 413 271 decentia,
439 231 526 264 salvo
557 229 789 268 moderamine,
814 229 923 277 vide-3

168 282 300 316 buntur.
327 282 417 322 Quod
441 283 467 316 si
496 284 528 316 in
553 283 607 316 illi}
638 283 745 321 domo,
782 281 814 313 iu
838 291 899 324 qua
920 325 921 329 Ἰ

167 340 216 368 est
239 335 412 375 absolutus,
439 345 618 375 remanere,
639 336 687 367 vel
710 334 747 367 ad
770 334 898 366 domuin
918 372 920 385 1

162 2549 212 2584 vel
229 2549 351 2583 senium
376 2550 475 2584 sactus
497 2550 627 2588 inutilis,
642 2551 781 2584 voluerit
798 2562 895 2596 super

943 239 1062 262 annum
1094 229 1215 262 habere
1247 228 1523 269 misericordiam,
1550 230 1673 272 signiti-

942 287 991 314 cet
1016 282 1121 315 domui
1146 281 1333 315 Carthusine
1359 282 1415 325 (a),
1441 293 1541 325 quae,
1562 289 1673 316 aucto-

943 334 1033 367 ritate
1058 335 1187 378 capituli
1213 336 1382 377 generatis,
1408 336 1505 369 saciet
1524 337 1552 369 ei
1577 338 1672 371 misc-

940 386 1118 427 ricordiam,
1144 388 1170 419 si
1192 388 1309 421 viderit
1330 389 1492 431 expedire,
1512 395 1566 422 aut
1583 390 1673 424 dabit

938 439 1098 472 licentiam
1134 442 1329 474 convocandi
1363 441 1442 474 duos
1472 443 1599 484 priores
1631 445 1670 476 de

939 491 1146 525 vicinioribus
1171 499 1201 525 et
1225 493 1478 534 discretioribus,
1505 496 1559 538 qui
1580 502 1671 539 pote-

937 549 1008 575 runt
1035 545 1062 575 ei
1097 546 1200 578 tacere
1238 546 1502 587 inisericordiam,
1542 549 1566 580 si
1607 549 1670 582 boc

915 596 1126 629 'rationabile
1151 609 1219 630 esse
1244 599 1468 633 iudicaverint.

980 660 1081 682 xxxiv.
1098 650 1214 683 Rcetor
1228 652 1341 685 domus
1353 652 1480 686 Ordinis
1494 665 1556 687 non
1576 656 1668 688 sedet

936 701 967 733 in
993 703 1069 735 sede
1101 703 1218 745 prioris
1243 704 1275 736 in
1301 706 1456 745 eeclesia,
1484 718 1544 740 nec
1568 708 1599 740 in
1621 720 1668 741 re-

936 754 1082 794 fectorio,
1101 756 1158 788 sed
1183 756 1215 788 in
1237 757 1314 789 sede
1339 758 1532 802 antiquioris
1547 771 1562 793 e
1577 768 1667 804 parte

935 807 1044 839 dextri]
1077 813 1149 841 ante
1184 809 1360 849 vicarium,
1388 822 1445 843 ner
1470 814 1668 854 promittitur

934 860 961 892 ei
987 861 1176 893 obedientia
1208 862 1238 893 in
1272 863 1432 905 principio
1462 861 1665 900 rectoratus:

933 916 1038 945 tauien
1064 913 1214 946 obeditur
1231 914 1257 947 ei
1285 914 1315 947 in
1333 916 1480 948 omnibus.
1506 923 1668 962 tamquam

909 985 911 996 i
931 965 1103 1008 superiori.

976 1028 1023 1051 vt„
1041 1019 1158 1052 Hector
1175 1021 1369 1054 novitiorum
1386 1023 1604 1064 professiones
1624 1036 1668 1058 re-

931 1071 1020 1114 cipit,
1046 1078 1167 1106 mutato
1193 1074 1321 1106 nomine
1347 1075 1465 1118 prioris
1491 1076 1521 1108 in
1547 1088 1667 1111 nomen

930 1125 1084 1164 rectoris,
1110 1127 1239 1169 quando
1270 1127 1395 1170 priores
1428 1129 1548 1162 distant
1578 1131 1667 1174 plus-

931 1187 1024 1220 quam
1050 1189 1145 1211 unam
1172 1180 1303 1213 dietam.

975 1241 995 1263 1.
1022 1231 1131 1274 Siquid
1158 1243 1307 1275 inagnum
1336 1235 1384 1267 vol
1405 1245 1500 1277 grave
1526 1242 1664 1271 traetan·
1701 1248 1775 1294 [(,ῑηιυτ
1791 1249 1841 1296 iv.¹

1720 1282 1729 1292 a·
1755 1280 1857 1298 rac'duio

1688 1302 1771 1323 emilie.

931 1283 1004 1315 dum
1030 1284 1147 1324 fuerit,
1174 1286 1265 1328 prior
1301 1289 1478 1321 monachos
1504 1291 1681 1332 professos<

931 1336 1044 1369 doinus
1063 1348 1150 1378 suae,
1170 1349 1280 1372 rocem
1301 1340 1458 1374 habentes
1473 1348 1503 1374 et
1521 1343 1663 1387 quinque

931 1400 1031 1423 annos
1041 1391 1252 1434 professionis
1267 1395 1443 1437 completos
1456 1396 1511 1438 (b).
1523 1396 1666 1432 inunum

931 1443 1005 1475 t‘ucit
1030 1445 1215 1478 convenire.
1242 1444 1363 1483 Quibus
1393 1458 1583 1492 proponens
1609 1461 1665 1484 ne-

930 1496 1064 1537 gocium,
1083 1507 1147 1530 non
1173 1498 1269 1531 debet
1294 1500 1497 1534 manifestare
1523 1503 1561 1535 ad
1587 1504 1663 1546 quid

930 1548 1111 1589 inclinatur,
1131 1561 1170 1583 ue
1191 1561 1249 1594 per
1266 1552 1326 1584 hoc
1344 1553 1487 1586 videatur
1505 1556 1586 1589 velle
1605 1562 1665 1588 tru-

931 1602 1008 1633 here
1035 1602 1113 1635 alios
1139 1603 1176 1635 ad
1204 1604 1264 1636 hoc
1301 1605 1385 1648 quod
1419 1606 1575 1648 intendit;
1609 1610 1663 1642 sed

931 1659 1051 1686 tanturn
1073 1655 1199 1698 aperire
1217 1656 1372 1700 quidquid
1392 1659 1533 1692 occurrit
1552 1660 1582 1692 iu
1601 1672 1666 1693 nu:-

932 1707 1010 1739 tvriz‘i
1026 1709 1190 1750 proposita
1208 1719 1266 1752 pro
1284 1715 1313 1742 et
1339 1710 1479 1750 conti-³¹,
1497 1718 1542 1752 ut,
1561 1715 1665 1746 omni-

931 1760 990 1791 bus
1017 1760 1093 1793 hinc
1119 1761 1192 1793 inde
1225 1763 1449 1801 consideratis,
1475 1769 1506 1796 et
1531 1765 1666 1805 singulis

932 1813 1008 1855 quid
1045 1813 1183 1845 sentiunt
1221 1814 1321 1846 libere
1354 1817 1541 1857 pronunri'··
1587 1829 1634 1850 uu:
1657 1846 1662 1858 ‚

932 1866 1016 1908 quod
1050 1866 1163 1898 melius
1196 1867 1378 1910 rectiusque
1413 1869 1663 1910 existimaverit,

932 1919 1000 1952 siue
1026 1921 1090 1952 ullu
1115 1930 1326 1963 personarum
1359 1923 1565 1965 acceptione,
1593 1935 1665 1958 exc-

933 1978 1061 2015 quatur.

978 2036 1011 2058 u.
1047 2024 1114 2057 Non
1147 2025 1230 2057 enim
1265 2027 1332 2059 ullo
1367 2027 1436 2061 iure
1476 2034 1604 2062 cavetur
1632 2036 1667 2063 ut

933 2078 1060 2122 quoties
1077 2077 1192 2121 aliquis
1211 2083 1337 2111 tenetur
1352 2085 1465 2123 petere
1484 2083 1664 2122 consiliunt,

934 2136 1081 2164 teneatur
1098 2131 1193 2163 etiam
1212 2130 1291 2163 illud
1306 2133 1487 2166 executioni
1503 2135 1665 2176 mandare,

934 2194 1005 2215 (zum
1031 2183 1198 2215 consilium
1225 2183 1263 2216 de
1288 2186 1342 2216 sua
1363 2188 1475 2218 naturzi
1499 2197 1562 2220 non
1588 2189 1668 2221 obli-

969 2256 997 2285 α)
1018 2253 1076 2279 Vid.
1099 2261 1173 2279 uum.
1195 2260 1266 2286 xvtu,
1287 2262 1345 2288 cap.
1367 2261 1394 2281 ιι,

971 2298 996 2330 b)
1024 2297 1144 2324 Iuniores
1173 2299 1296 2324 monachi
1316 2299 1350 2325 ab
1375 2299 1415 2326 liis
1435 2302 1590 2329 tractatibus
1614 2312 1667 2331 nou

935 2341 1056 2367 absolute
1077 2341 1222 2367 necessarii
1242 2347 1424 2376 semoventur,
1446 2353 1488 2373 ne.
1505 2345 1557 2371 utta
1576 2355 1668 2374 rerum

935 2390 1106 2411 externarum
1129 2385 1304 2417 discussione,
1325 2391 1370 2412 aut
1389 2389 1577 2422 temporalium
1597 2391 1670 2425 cogi-

936 2428 1097 2459 tationibus,
1118 2429 1151 2455 ab
1171 2428 1264 2455 habitu
1284 2429 1392 2457 intimae
1411 2432 1607 2461 recollectionis
1626 2444 1670 2461 as-

936 2473 1065 2499 sumendo
1093 2477 1119 2499 et
1150 2482 1165 2500 a
1195 2474 1382 2508 temporalium
1416 2476 1550 2504 oblivione
1582 2484 1670 2506 retia-

937 2518 1045 2543 hat-tur.

974 2562 983 2588 t
1004 2561 1068 2588 Male
1085 2561 1148 2588 edit.
1174 2562 1250 2589 Maiu.
1266 2562 1430 2600 legitproul
1450 2568 1549 2594 contra
1566 2567 1602 2602 (n.
1620 2568 1679 2602 ·Ι“.).Δ

1569 169 1632 203 807
1679 181 1726 206 in.
1749 179 1777 205 c.
1799 179 1863 205 uss
