2111 3157
5 178 32 202 n.
51 172 81 200 C.
104 171 172 199 1678

175 221 275 261 ribus,
302 221 356 264 qui
381 222 420 255 de
445 221 538 254 dictis
556 221 702 264 partibus
725 220 902 253 infidelium

173 279 248 318 post
278 275 476 318 captivorum
501 274 758 317 redemptionem
782 273 902 306 reversi

173 327 302 367 fuerint,
326 337 401 360 vere
426 327 665 370 poenitentibus
693 332 725 359 et
748 325 902 358 confessis

174 389 210 412 ac
228 381 318 412 sacra
341 379 567 412 communione
584 378 722 417 refectis,
739 376 789 410 ut¹
807 388 903 420 supra

174 431 354 471 oraverint,
379 431 558 474 plenariam
587 431 731 464 omnium
754 434 903 472 peccato-

174 493 245 516 rum
269 483 508 516 remissionem.

217 545 260 568 lx.
286 536 433 578 lpsismet
456 533 591 577 captivis
615 532 811 575 redemptis,
838 532 902 575 qui,

172 588 257 620 intra
279 597 422 620 mensem
438 597 456 619 a
473 587 524 619 die
541 596 653 619 eorum
670 585 902 628 redemptionis

172 639 400 679 inchoandum,
411 648 486 672 vere
497 638 702 681 poenitentes
717 642 748 670 et
764 637 901 669 confessi

172 701 208 724 ac
231 692 321 724 sacra
343 690 571 723 communione
602 689 717 722 refecti
748 694 781 721 ut
805 699 902 731 supra

172 742 344 783 oraverint,
369 742 549 785 plenariam
575 746 607 775 et
627 741 771 774 omnium
790 751 903 784 pecca-

173 801 279 828 torum
302 794 541 827 remissionem.

214 858 244 880 x.
270 846 400 879 Eisdem
425 845 642 879 confratribus
667 850 700 878 et
719 845 903 878 consorori-

171 901 241 939 bus,
268 899 320 942 qui
337 909 412 931 vere
429 898 633 941 poenitentes
651 903 681 930 et
698 898 837 930 confessi
854 908 903 930 se-

172 953 234 984 mel
272 951 305 982 in
340 950 486 993 quolibet
519 959 629 982 mense
665 949 903 982 sanctissimum

171 1002 392 1036 Eucharistiae
406 1007 638 1034 sacramentum
654 1001 852 1044 sumpserint
868 1012 903 1034 ac

172 1055 318 1088 habitum
342 1054 448 1086 dictae
484 1053 757 1086 confraternitatis
783 1054 904 1087 detule-

170 1108 246 1146 rint,
275 1111 400 1149 septem
432 1116 533 1138 annos
558 1110 589 1138 et
612 1105 745 1138 totidem
769 1107 905 1149 quadra-

173 1170 285 1202 genas.

215 1223 258 1245 xr.
279 1211 406 1243 Eisdem
431 1209 645 1243 confratribus
669 1215 700 1242 et
723 1211 905 1243 consorori-

171 1264 241 1304 bus,
267 1263 320 1306 qui
346 1273 422 1295 vere
447 1262 651 1305 poenitentes
669 1267 701 1294 et
717 1262 903 1294 confessiin

172 1315 298 1348 Domini
316 1315 419 1348 Nostri
443 1315 514 1347 Iesu
532 1314 647 1347 Christi
670 1314 757 1346 festis
776 1315 905 1347 sanctis-

173 1369 288 1401 simum
312 1368 531 1401 Eucharistiae
564 1373 799 1399 sacramentum
823 1378 906 1400 sum-

172 1422 342 1465 pserintac
356 1421 501 1453 habitum
515 1421 618 1453 dictae
632 1420 905 1452 confraternitatis

173 1474 358 1514 detulerint,
372 1478 496 1516 septem
515 1483 615 1505 annos
633 1478 663 1506 et
680 1473 813 1506 totidem
832 1484 906 1516 qua-

174 1527 347 1568 dragcnas.

216 1590 270 1613 xu.
298 1579 424 1611 Eisdem
456 1578 673 1611 confratribus
699 1582 729 1610 et
753 1588 905 1611 consoro-

173 1632 274 1671 ribus,
301 1631 355 1674 qui
381 1641 454 1663 vere
480 1629 684 1673 poenitentes
711 1635 740 1661 et
767 1631 905 1662 confessi

174 1683 206 1716 in
232 1684 345 1716 Beatae
378 1683 493 1715 Mariae
518 1682 654 1724 Virginis
681 1682 905 1715 festivitatibus

175 1736 411 1768 sanctissimum
436 1734 654 1767 Eucharistiae
672 1741 904 1767 sacramentum

765 171 975 197 INNOCENTIUS
997 173 1026 195 XI
1053 173 1101 196 ΡΡ.

948 219 1004 252 ties
1029 220 1252 253 salutationem
1277 219 1454 261 angelicam
1472 218 1520 250 vel
1546 217 1673 260 symbo-

946 273 1008 304 lum
1034 273 1253 314 apostolorum
1278 272 1316 303 ad
1337 270 1470 313 captivis
1487 269 1672 301 cb'ristianis

946 324 1132 366 patientiam
1146 330 1178 357 et
1193 323 1414 357 fortitudinem
1426 322 1671 364 impetrandam,

946 387 983 408 ne
1009 386 1128 408 nomeu
1145 376 1267 409 domini
1284 375 1383 408 nostri
1399 375 1468 407 Iesu
1484 373 1600 407 Clisisti
1619 385 1674 406 ne-

945 434 1035 469 gent,
1062 428 1118 460 sed
1142 433 1324 460 constantes
1349 428 1382 459 in
1406 426 1468 459 fide
1492 425 1671 469 persistant,

945 485 975 511 et
993 485 1113 521 quanto
1132 480 1226 512 citius
1243 480 1434 518 liberentur,
1452 478 1670 517 recitaverint,

944 537 1067 574 septem
1091 543 1194 565 annos
1220 537 1252 564 et
1276 532 1409 564 totidem
1434 532 1670 574 quadragenas.

987 595 1036 617 xv.
1063 584 1192 617 Eisdem
1225 584 1440 617 confratribus
1466 589 1497 616 et
1520 594 1674 616 consoro-

944 636 1048 675 ribus,
1074 636 1128 679 qui
1155 636 1303 675 confessi,
1328 637 1377 668 vel
1410 637 1522 668 saltem
1548 635 1673 667 firmum

944 688 1148 731 propositum
1170 687 1347 721 confitendi
1367 687 1551 724 habuerint,
1571 697 1606 718 ac
1623 687 1674 718 ha-

944 741 1045 773 bitum
1058 740 1274 783 supradictum
1290 738 1476 778 detulerint,
1487 749 1523 771 ac
1536 738 1673 780 singulis

945 793 1057 825 diebus
1083 792 1202 835 septies
1218 791 1399 825 oraticnem
1425 791 1617 824 dominicam
1643 796 1675 823 ct

945 845 1038 877 toties
1068 844 1294 877 salutationem
1333 843 1510 885 angelicam
1540 843 1579 875 ad
1611 844 1676 885 glo-

944 898 1023 930 riam
1041 903 1071 930 et
1088 898 1244 930 honorem
1267 897 1382 929 Beatae
1402 896 1518 928 Mariae
1535 896 1675 937 Virginis

944 950 998 983 Dei
1024 950 1129 982 Matris
1146 949 1360 989 recitaverint,
1380 953 1505 991 septem
1522 958 1624 980 annos
1643 953 1676 980 et

945 1002 1076 1035 totidem
1100 1002 1336 1045 quadragenas.

988 1065 1050 1088 xvt.
1076 1054 1205 1087 Eisdem
1230 1053 1448 1086 confratribus
1472 1057 1504 1086 et
1528 1063 1676 1086 consoro-

946 1108 1031 1139 ribus
1066 1117 1139 1139 vere
1175 1105 1418 1149 poenitentibus
1441 1110 1473 1137 et
1502 1105 1673 1143 confessis,

947 1163 995 1193 vel
1011 1161 1135 1192 firmum
1152 1159 1356 1202 propositum
1369 1158 1542 1190 confiteri-di
1559 1158 1676 1190 baben-

947 1214 1038 1251 tibus,
1065 1211 1118 1254 qui
1143 1211 1362 1253 supradictum
1388 1210 1533 1242 habitum
1558 1210 1677 1242 detule-

947 1265 1010 1296 rint
1027 1269 1058 1296 et
1082 1263 1319 1295 sanctissimum
1335 1261 1554 1294 Eucharistiae
1573 1272 1678 1293 sacra-

948 1323 1089 1349 mentum
1114 1327 1184 1348 cum
1203 1315 1241 1347 ad
1259 1314 1403 1346 infirmos
1422 1314 1563 1346 defertur
1583 1313 1678 1346 comi-

948 1369 1002 1402 tati
1040 1369 1174 1406 fuerint,
1198 1373 1261 1407 aut,
1287 1367 1313 1398 si
1345 1366 1491 1408 impediti
1523 1366 1678 1398 comitare

949 1432 1011 1453 non
1038 1420 1221 1463 potuerint,
1248 1428 1422 1461 campanae
1456 1418 1494 1449 ad
1527 1418 1558 1449 id
1584 1418 1677 1459 siguo

948 1474 1034 1511 dato,
1055 1473 1143 1505 flexis
1159 1472 1272 1514 gennis
1288 1470 1407 1513 septies
1425 1469 1603 1502 orationem
1622 1470 1679 1501 do-

949 1526 1096 1558 minicam
1122 1530 1152 1557 et
1181 1525 1275 1557 toties
1306 1523 1533 1556 salutationem
1558 1521 1678 1562 angeli-

947 1590 1015 1611 cam
1041 1589 1100 1621 pro
1123 1577 1208 1609 dicto
1234 1576 1362 1608 infirmo
1392 1574 1608 1613 recitaverint,
1634 1586 1680 1606 se-

948 1637 1033 1673 ptem
1059 1641 1159 1661 annos
1184 1634 1215 1661 et
1240 1628 1373 1661 totidem
1401 1627 1633 1669 quadragenas.

989 1693 1066 1715 xvu.
1093 1682 1220 1714 Eisdem
1244 1679 1457 1713 confratribus
1481 1684 1512 1711 et
1529 1690 1681 1711 consoro-

948 1735 1053 1773 ribus,
1080 1734 1133 1777 qui
1159 1732 1307 1771 confessi,
1333 1733 1383 1764 vel
1415 1732 1528 1763 saltem
1553 1732 1680 1763 {irinum

175 1788 373 1831 sumpserint
396 1798 431 1820 ac
456 1787 601 1819 habitum
619 1787 838 1830 supradictum
856 1789 908 1820 dc·
926 1809 929 1822 .
948 1787 1147 1830 propositum
1172 1784 1345 1818 confitendi
1370 1784 1541 1823 habentes,
1567 1794 1681 1826 supra-

175 1841 319 1880 tulerint‚
345 1845 470 1884 septem
495 1850 595 1873 annos
620 1845 651 1872 et
677 1840 809 1872 totidem
835 1851 907 1883 qua·
926 1834 930 1897 Ι
949 1840 1067 1871 dietum
1093 1839 1237 1871 habitum
1261 1837 1447 1874 detulerint,
1465 1841 1496 1868 et
1520 1846 1681 1878 pauperes

175 1893 345 1934 dragonas.

218 1954 286 1977 xm.
312 1944 440 1976 Eisdem
461 1943 676 1976 confratribus
701 1949 733 1976 et
756 1954 909 1976 consoro-

174 1997 280 2035 ribus,
306 1997 359 2039 qui
384 2006 458 2028 vere
482 1996 690 2038 poenitentes
715 2002 747 2028 et
771 1997 908 2029 confessi

175 2050 208 2081 in
233 2050 425 2082 Sanctorum
449 2049 576 2081 Ordinis
601 2049 716 2081 Beatae
734 2049 850 2082 Mariae
869 2050 908 2082 de

176 2101 321 2134 Mercede
344 2101 430 2133 festis
455 2101 568 2133 diebus
593 2101 829 2134 sanctissimum
853 2102 910 2134 Eu-

177 2153 351 2186 charistiae
362 2158 596 2185 sacramentum
606 2154 803 2196 sumpserint
815 2165 850 2186 ac
863 2165 910 2186 su-
929 2159 930 2163 ’

176 2206 356 2249 pradictum
392 2205 540 2238 habitum
573 2205 758 2246 detulerint,
785 2211 909 2249 septem

178 2268 279 2292 annos
303 2263 334 2290 et
360 2258 494 2290 totidem
512 2258 750 2301 quadragenas.

927 1900 930 1946 Ξ
948 1892 1092 1934 captivos
1110 1891 1292 1932 redemptos
1310 1888 1452 1931 hospitio
1470 1888 1679 1930 susceperint,

948 1949 1072 1986 septem
1097 1953 1197 1975 annos
1223 1947 1253 1974 et
1279 1942 1413 1974 totidem
1444 1941 1679 1983 quadragena&

992 2006 1082 2029 xviii.
1109 1996 1237 2027 Eisdem
1268 1993 1486 2026 confratribus
1511 1998 1542 2025 et
1566 2003 1683 2025 conso-

951 2048 1088 2087 roribus,
1114 2048 1168 2090 qui
1193 2045 1353 2085 confessi,
1380 2047 1429 2078 vel
1454 2046 1582 2078 firmum
1608 2055 1683 2087 pro-

951 2101 1091 2144 positum
1115 2098 1288 2132 confitendi
1325 2099 1504 2138 habentes,
1533 2097 1684 2130 similiter

951 2153 1170 2196 supradictum
1196 2150 1339 2183 habitum
1361 2151 1556 2189 descrentes,
1575 2160 1686 2192 supra-

951 2206 1054 2238 dictos
1079 2204 1219 2247 captivos
1254 2204 1440 2245 redemptos
1465 2202 1505 2235 ad
1529 2203 1684 2235 ecclesias

928 2271 931 2297 ι
953 2258 1028 2290 dicti
1053 2256 1192 2296 Ordinis,
1211 2257 1260 2289 vei
1278 2256 1316 2287 ad
1341 2255 1483 2287 oratoria
1507 2256 1686 2287 confrater-

221 2319 284 2342 xtv.
311 2310 439 2343 Eisdem
465 2310 682 2342 confratribus
707 2315 739 2343 et
758 2321 912 2344 consoro-
952 2311 1089 2343 nitatum
1111 2310 1255 2341 locorum
1288 2307 1498 2340 habitationis
1523 2307 1685 2339 dictorum

178 2363 276 2402 ribus,
303 2362 357 2405 qui
382 2362 517 2404 singulis
543 2362 656 2395 diebus
676 2373 735 2405 per
751 2363 910 2406 integrum
952 2362 1151 2405 captivorum
1176 2359 1317 2392 comitati
1338 2358 1468 2398 suerint,
1487 2363 1613 2401 septem
1631 2368 1687 2390 an-

179 2425 299 2448 arinum
325 2420 372 2448 ter
396 2415 575 2448 orationem
600 2415 793 2448 dominicam
811 2426 848 2450 ac
866 2422 912 2449 to·
953 2425 1010 2447 nos
1035 2419 1066 2446 et
1091 2413 1225 2445 totidem
1250 2412 1486 2455 quadragenas.

215 2528 227 2556 1
251 2527 340 2556 Potius
360 2529 418 2564 lege
437 2532 463 2556 et
483 2532 524 2563 ut,
545 2530 586 2556 vet
605 2529 629 2556 si
649 2531 680 2556 ut
699 2528 739 2564 (n.
759 2529 810 2565 τ.).

995 2477 1058 2499 xnt.
1081 2465 1209 2498 Eisdem
1234 2464 1452 2497 confratribus
1478 2468 1510 2497 et
1534 2475 1690 2497 consero-

953 2519 1053 2560 ribus,
1074 2518 1128 2562 qni
1153 2517 1185 2550 in
1211 2517 1328 2561 vigiliis
1352 2517 1558 2550 festivitatum
1572 2517 1688 2551 Beata&

1576 159 1639 193 1535
1684 168 1734 195 An.
1749 167 1779 196 C.
1800 167 1867 195 1078
