2111 3157
1 215 51 242 An.
66 213 95 241 C.
117 211 183 240 1677

786 214 999 240 INNOCENTIUS
1020 216 1052 240 xt
1076 217 1126 241 Pr.

194 262 268 295 anni
295 266 484 296 emanarunt
509 273 526 296 a
547 262 631 296 dicto
648 262 777 306 quidem
795 264 928 296 Alexan-

195 316 253 348 dro
279 316 529 358 praedecessore
556 317 679 349 litterae
699 316 731 349 in
749 317 845 349 simili
867 317 928 349 sor-

195 369 245 400 11ιεῖ
271 369 380 401 Brevis
401 379 459 412 pro
478 370 561 403 dicta
584 368 784 408 alternative,
809 379 928 412 aprae-

195 420 259 453 sata
289 431 366 454 vero
399 421 610 454 cardinalium
641 421 897 463 Congregatione
917 447 924 461 ,

196 473 361 506 decretum
388 474 427 506 de
453 473 531 506 nihil
558 483 657 516 super
673 475 711 505 ea
727 473 924 505 innovando.

238 525 381 568 Cumque
413 526 446 558 in
479 525 619 569 capitulo
651 525 746 558 etiam
783 525 925 567 generali

196 576 339 610 eiusdem
371 577 498 610 Ordinis
533 588 616 610 anno
642 587 787 615 uomit,
812 577 927 610 auditis

195 630 345 663 similiter
368 630 525 673 partibus,
546 630 661 662 iterum
683 635 835 662 statutum
853 630 927 662 suis-

195 688 246 715 set
269 682 494 715 alternativam
519 682 705 715 huiusmodi
731 682 849 714 debere
871 683 927 714 oh-

969 265 1210 306 consistentem,
1233 271 1277 307 nt,
1305 266 1423 300 habitis
1449 277 1557 300 earum
1574 266 1697 300 notitiis

971 328 1050 361 quae
1075 318 1107 351 in
1132 319 1272 362 capitulo
1298 320 1570 360 desiderabantur,
1595 319 1699 362 provi-

971 370 1067 403 deant
1091 376 1123 403 et
1154 372 1347 414 disponant,
1374 377 1470 416 prout
1501 372 1533 404 in
1564 371 1699 405 Domino

970 423 1069 464 magis
1084 424 1237 466 expedire
1254 425 1465 458 indicaverint
1476 436 1508 457 -·.
1523 435 1581 468 pro
1595 423 1699 457 cuins¹

970 476 1191 517 compromissi
1217 478 1472 521 adimplemento
1493 478 1525 510 in
1546 478 1609 510 hoc
1629 486 1700 509 con-

969 532 1065 559 ventu
1080 527 1108 560 S.
1122 528 1283 562 Francisci
1298 531 1426 568 Madriti
1437 530 1647 563 convenimus
1661 529 1699 562 ad

972 579 1188 613 decidendum
1221 587 1253 614 et
1284 582 1562 615 determinandum
1599 582 1699 614 dictas

971 641 1090 671 causas,
1108 637 1139 664 et
1156 633 1187 667 id
1206 633 1444 668 decernendum
1470 635 1555 677 quod
1573 634 1702 676 religio-

972 684 1019 716 nis
1044 684 1132 717 bono
1157 685 1258 728 magis
1287 686 1439 729 expedire
1471 686 1697 719 indicaremus.

1612 207 1658 241 45
1700 218 1749 244 An.
1766 217 1794 244 c.
1819 217 1884 245 1677

194 735 328 774 servari,
354 745 413 767 nec
438 741 544 768 tamen
567 733 802 775 observatnm¹‚
828 735 927 767 altera

195 797 232 820 ex
258 788 402 830 partibus
422 788 554 821 obedire
575 793 741 825 renuente,
756 787 927 820 novissime

195 840 227 872 in
252 840 399 882 proxime
424 840 600 882 praeterito
621 839 763 882 capitulo
785 839 926 881 generali

1014 736 1156 779 Cumque
1187 748 1352 771 causarum
1378 739 1411 771 in
1442 739 1528 771 dicto
1560 738 1700 780 capituto
1738 748 1894 778 onenhaim-

971 790 1114 831 generati
1129 792 1370 834 propositarum
1385 803 1448 824 una
1463 792 1503 824 sit
1516 791 1699 824 stabiliendi
1712 777 1893 847 ἓξῖἷάἶζῖῑὲἓὲῗᾷ

1671 843 1676 848 .
1762 833 1772 847 c
1881 833 1894 841 ’-

971 843 1019 874 vel
1038 844 1209 876 revocandi
1231 844 1453 877 alternativam
1472 844 1650 877 officiorum
1670 853 1700 875 m
1713 859 1755 873 cas.

72 1844 185 1874 Decretum

11 1874 176 1900 compromissa—

12 1902 97 1918 norum.

195 892 323 925 Ordinis
350 892 547 931 huiusmodi,
569 894 663 925 cansa
681 893 793 933 iterum
812 902 928 934 propo-

196 944 267 983 sita,
286 945 352 977 eius
368 946 523 978 resolutio
543 956 559 977 a
577 945 718 987 generali
742 944 926 977 definitorio

196 998 478 1040 compromittente
514 998 641 1030 dilectis
675 997 750 1030 siliis
779 996 926 1029 ministro

196 1050 339 1092 generali
372 1050 448 1084 dicti
481 1050 608 1083 Ordinis
639 1054 671 1082 et
705 1050 926 1082 commissario

195 1103 356 1136 Indiarnm
384 1103 417 1135 in
442 1103 534 1136 Curia
564 1103 748 1135 Madriteusi
774 1103 925 1135 residenti

196 1156 340 1188 eiusdem
366 1155 493 1188 Ordinis
518 1156 578 1187 suit
595 1155 773 1194 commissa,
794 1160 825 1187 et
840 1166 927 1198 prae·

196 1209 259 1241 sata
283 1209 494 1242 cardinalium
519 1207 732 1250 Congregatio
754 1207 804 1239 die
820 1218 862 1241 ΧΠ
884 1207 928 1239 in-

193 1253 239 1294 11ἰί
264 1271 422 1294 tunctxxvl
447 1261 609 1293 commisit
633 1260 754 1292 eisdem
778 1266 813 1291 ut
833 1260 926 1291 etiam

196 1313 385 1345 anctoritate
410 1312 511 1355 ipsius
526 1311 792 1354 Congregationis
819 1311 928 1343 litibus

196 1365 290 1397 tinem
316 1365 538 1408 imponerent,
563 1370 603 1405 et,
629 1369 726 1406 prout
751 1364 927 1395 secundum

195 1417 293 1450 Deum
322 1417 551 1449 iudicavissent
575 1416 746 1459 expedire,
772 1415 925 1458 provide-

196 1474 280 1502 rent.
306 1468 397 1502 Unde
422 1469 492 1511 ipse
523 1469 671 1501 minister
702 1468 864 1510 generalis
897 1472 928 1499 et

195 1521 433 1554 commissarius
459 1522 630 1561 ludiarum,
651 1521 762 1563 vigore
779 1530 929 1562 compro-

196 1574 295 1615 missi,
320 1579 352 1606 et
375 1573 567 1606 auctoritate
590 1573 857 1615 Congregationis
875 1573 927 1604 hu-

197 1627 349 1667 iusmodi,
369 1627 420 1659 die
437 1637 508 1659 xxvi
529 1627 640 1669 aprilis
666 1625 810 1668 proxime
836 1635 928 1668 prae-

197 1679 281 1712 teriti
308 1679 473 1711 decretum
498 1680 657 1718 tulerunt,
683 1678 772 1710 cuins
796 1679 835 1710 de
862 1679 928 1710 his-

196 1732 311 1775 panico
336 1732 489 1764 idiomate
514 1731 546 1763 in
572 1731 704 1763 latinum
729 1730 812 1763 versi
837 1736 929 1762 tenor

197 1790 244 1818 est
268 1785 322 1828 qni
347 1785 508 1827 seqnitur,
534 1784 707 1817 videlicet:

246 1850 259 1869 (1
276 1837 350 1877 Nos,
367 1838 405 1870 sr.
425 1838 541 1880 Ioseph
568 1838 718 1870 >Limenes
738 1838 927 1880 Samaniego

197 1890 294 1923 totius
310 1890 438 1923 Ordinis
454 1890 485 1923 S.
502 1891 534 1922 Ρ.
551 1890 586 1922 N.
606 1890 765 1922 Francisci
783 1891 929 1923 minister

197 1942 367 1985 generalis,
379 1948 409 1975 et
423 1943 462 1976 sr.
474 1943 609 1975 Ioannes
621 1943 752 1975 Lueudo
767 1942 927 1975 indiarum

198 1995 435 2029 commissarius
458 1995 629 2037 generalis,
655 1995 926 2037 compromissarii

197 2048 329 2091 capituli
355 2047 516 2090 generalis
548 2048 667 2080 Romae
692 2048 845 2080 celebrati
870 2049 927 2080 sub

196 2101 278 2134 sesto
292 2100 497 2133 pentecostes
507 2100 581 2132 anni
592 2099 758 2143 praeteriti
771 2109 927 2133 unchxvt

197 2153 308 2196 vigore
337 2153 460 2186 decreti
489 2153 673 2196 sequentis:
701 2171 714 2177 —
742 2153 802 2185 Pro
826 2153 926 2185 causis

196 2205 378 2249 provincias
398 2205 560 2237 Indiarum
579 2204 831 2237 Occidentalinm
853 2216 928 2237 con-

198 2258 415 2297 cernentibus,
427 2258 556 2300 quaein
570 2258 633 2290 hoc
646 2258 785 2301 capitulo
800 2258 928 2291 suerunt

197 2310 396 2355 propositae,
422 2309 640 2342 definitorium
665 2311 815 2352 generale
841 2321 927 2344 com-

198 2363 355 2406 promittit
368 2363 399 2395 in
416 2362 720 2395 reverendissimum
737 2368 861 2406 patrem
875 2374 928 2396 no-

197 2421 297 2448 strum
320 2416 501 2448 ministrum
526 2416 711 2457 generalem
729 2420 761 2448 et
776 2425 927 2449 reveren-

199 2468 364 2501 dissimum
395 2474 520 2511 patrem
545 2469 801 2501 commissarium
831 2480 927 2511 gene-

197 2522 299 2555 ralem
323 2520 484 2553 indiarum
505 2521 536 2553 in
561 2521 649 2553 curia
673 2521 756 2562 regis
777 2521 925 2555 catholici

232 2580 250 2608 3
268 2581 364 2615 Aptius
378 2581 436 2617 tege
452 2582 626 2610 observatam
644 2582 681 2617 (n,
696 2582 745 2617 T.)-

971 894 1145 936 provinciis
1179 896 1229 927 ΧΠ
1258 896 1488 938 Apostolorum
1515 895 1645 929 Limana
1671 900 1702 927 et

970 947 1000 979 S.
1021 948 1153 980 Antonii
1180 949 1218 980 de
1244 950 1289 981 las
1306 949 1446 981 Chai-cas
1472 949 1556 980 inter
1576 948 1702 989 religio-

970 1009 1022 1031 sos
1048 1010 1084 1032 ex
1115 1000 1267 1043 Hispania
1298 1001 1454 1034 oriundos
1479 1006 1511 1033 et
1540 1000 1702 1032 indiarum

971 1053 1105 1090 nativos,
1124 1053 1339 1095 comperimus
1366 1054 1397 1086 in
1424 1054 1524 1086 forma
1553 1052 1702 1095 sequenti

970 1115 1155 1147 processum
1181 1105 1298 1138 fuisse:

1012 1157 1102 1195 Quod
1128 1158 1160 1190 in
1186 1158 1328 1201 capitulo
1357 1158 1498 1200 generali
1521 1158 1638 1190 Romae
1664 1158 1702 1190 de
1749 1164 1803 1188 Quid
1821 1165 1840 1184 tn
1856 1164 1895 1184 hac

1713 1197 1777 1212 cansa
1789 1192 1830 1211 liiu-
1849 1194 1895 1210 nme

971 1220 1053 1241 anno
1078 1219 1227 1249 MDCLxlv,
1251 1210 1290 1241 ad
1316 1210 1500 1242 instantiam
1525 1215 1557 1241 et
1581 1209 1776 1264 exhibi-ffiffi
1816 1221 1896 1242 ensium

973 1262 1093 1294 tionem
1115 1267 1242 1305 patrum
1258 1263 1398 1295 custodis
1415 1263 1545 1301 Limam,
1560 1263 1703 1295 custodis

972 1314 1009 1346 de
1026 1314 1070 1346 las
1086 1313 1234 1353 CliarcaS,
1250 1315 1450 1357 proministri
1467 1320 1497 1346 et
1510 1315 1648 1347 custodis
1663 1316 1702 1347 de

972 1365 1074 1405 Qnito,
1095 1366 1299 1409 proministri
1319 1371 1350 1398 et
1374 1367 1517 1399 custodis
1541 1367 1572 1399 S.
1599 1367 1701 1406 Fidei,

972 1423 1004 1449 et
1034 1418 1235 1460 proministri
1271 1418 1309 1450 de
1342 1418 1431 1451 Cliile
1464 1418 1702 1460 provinciarum

973 1470 1202 1508 Peruanarum,
1231 1470 1282 1502 die
1307 1481 1325 1503 v
1351 1471 1430 1502 iunii
1460 1471 1491 1502 in
1518 1470 1703 1504 definitorio

972 1523 1114 1564 generali
1150 1523 1309 1555 emanavit
1340 1523 1505 1555 decretum
1537 1533 1700 1566 sequens:

975 1594 986 1598 -
1004 1575 1176 1617 Suppositzi
1190 1575 1427 1617 provinciarum
1444 1575 1610 1618 petitione,
1629 1586 1703 1608 cou-

971 1627 1095 1660 ceditur
1119 1627 1308 1659 alternativa
1325 1627 1410 1660 sicut
1434 1628 1465 1659 in
1486 1627 1572 1659 Nova
1589 1628 1702 1670 Hispa-

971 1679 1023 1711 nia
1039 1679 1085 1711 uti
1103 1681 1206 1712 solet:
1222 1698 1235 1703 -
1256 1685 1287 1712 et
1303 1680 1387 1722 quod
1409 1690 1467 1722 pro
1493 1685 1581 1722 parte
1598 1680 1700 1722 patris

971 1731 1169 1774 proministri
1196 1731 1318 1763 Limani
1343 1731 1474 1764 habitus
1499 1731 1558 1763 suit
1592 1742 1701 1763 recur-

971 1794 1026 1815 sus
1050 1783 1089 1815 ad
1110 1783 1141 1815 S.
1161 1783 1450 1825 Congregationem
1473 1783 1700 1825 episcoporum

972 1842 1003 1868 et
1025 1836 1223 1878 regularium
1248 1841 1283 1867 ut
1306 1835 1382 1867 dicti
1408 1834 1529 1868 decreti
1555 1835 1699 1868 executio

971 1889 1199 1934 impediretur:
1227 1893 1279 1927 et,
1306 1887 1411 1920 citatis
1431 1893 1557 1930 partem
1584 1887 1701 1919 sacien-

973 1941 1054 1973 tibns
1081 1940 1296 1983 supradictis,
1325 1941 1376 1973 die
1404 1941 1479 1972 κη’
1514 1940 1593 1971 iunii
1622 1939 1700 1972 eius·

972 1994 1042 2025 dem
1058 1994 1145 2032 anni,
1162 1998 1198 2025 et
1215 1993 1265 2025 die
1283 2004 1320 2024 xx
1342 1993 1525 2024 immediate
1539 1991 1697 2034 sequenti,

972 2045 1155 2078 huiusmodi
1182 2056 1329 2077 recursus
1356 2046 1387 2077 in
1413 2045 1497 2078 dicta
1518 2044 1700 2086 Congrega-

972 2098 1056 2131 tione
1085 2099 1242 2131 admissus
1271 2099 1340 2139 snit,
1370 2098 1621 2140 mandatumque
1649 2107 1700 2129 su-

971 2152 1134 2194 persederi
1160 2151 1192 2183 in
1210 2151 1398 2183 executione
1419 2149 1552 2192 praefati
1579 2150 1698 2182 decreti

970 2204 1123 2236 omnino:
1149 2204 1301 2245 quodque
1333 2202 1391 2234 sub
1417 2203 1527 2235 eadem
1560 2202 1631 2234 data
1662 2213 1699 2234 xx

970 2256 1049 2288 iunii
1074 2257 1113 2288 ad
1143 2257 1329 2288 instantiam
1353 2256 1512 2287 dictorum
1542 2254 1700 2298 promini-

970 2315 1108 2342 strornm
1121 2314 1152 2341 et
1165 2309 1332 2341 custodum
1349 2308 1513 2341 obtentum
1530 2308 1587 2340 snit
1598 2307 1698 2340 Breve

969 2363 1008 2394 ab
1034 2361 1215 2394 Alexandro
1240 2361 1326 2403 Papa
1348 2360 1410 2400 Vll,
1433 2370 1495 2402 qno
1514 2359 1633 2392 dictum
1654 2360 1699 2391 al-

969 2414 1145 2450 ternativae
1170 2414 1332 2446 decretum
1360 2411 1544 2444 confirmari
1569 2416 1601 2443 et
1625 2421 1698 2443 exe-

969 2467 1089 2500 cutioni
1115 2465 1299 2498 demandari
1318 2464 1472 2496 iniunxit:
1494 2469 1525 2496 ct
1546 2464 1630 2506 qnod
1649 2473 1698 2495 re-

1005 2539 1014 2563 t
1038 2536 1129 2571 Aptius
1149 2536 1207 2570 lege
1227 2535 1314 2561 liuius
1334 2542 1380 2568 pro
1400 2534 1481 2560 cuius
1501 2534 1538 2567 (R.
1559 2535 1608 2567 T.)-

1003 2581 1018 2608 2
1040 2580 1109 2607 Edit.
1130 2579 1207 2606 Μαίη.
1230 2578 1291 2614 legit
1310 2578 1344 2605 29
1364 2580 1399 2613 (n.
1420 2578 1468 2613 TJ.
