2111 3157
135 194 182 220 An.
201 194 230 221 C.
251 193 317 223 lCSG

129 1189 228 1204 Chul-¹118.

166 2003 193 2022 Dc
206 2004 334 2024 neeman.

138 2030 184 2050 bus.

176 2320 205 2340 De
220 2325 270 2340 casn
283 2336 287 2343 ,
303 2321 322 2340 iu

224 2353 266 2366 ‘aea
278 2350 323 2367 'crit

139 2373 282 2397 generalatus.

140 2351 181 2369 qua
217 2352 224 2364 v

363 186 428 219 705

329 245 499 283 fruuntur,
527 249 590 275 tam
616 253 673 286 per
698 241 948 273 constitutiones
982 240 1067 272 eius-

329 298 400 329 dem
423 296 601 338 religionis,
620 306 714 338 quam
732 294 851 326 virtute
870 293 978 325 Brevis
998 302 1066 325 san-

328 356 397 384 ctae
422 351 597 382 memoriae
624 348 711 380 Pauli
737 348 768 387 V,
797 347 872 390 quia
898 352 972 378 sunt
996 356 1068 389 per-

328 414 446 443 sonae,
474 413 554 445 quae
591 405 745 444 poterunt
778 405 809 432 et
840 399 952 443 quavis
985 399 1068 431 indi-

329 456 435 498 gentia
460 455 603 487 indicare
629 459 659 487 et
685 454 824 486 reddere
849 452 1009 485 rationem
1036 456 1067 484 et

327 510 428 542 bonas
463 508 595 540 notitias
629 517 746 549 magno
773 517 845 539 cum
877 505 1066 537 fundamen-

328 567 359 594 to
385 572 491 594 rerum
529 560 697 602 religionis
723 559 944 602 experientiae
970 560 1066 590 causa

327 625 457 647 suornm
491 614 692 653 officiorum,
727 618 758 646 et
794 613 939 645 habeant
973 622 1064 644 suum

327 674 437 701 votnm
463 667 494 699 in
521 667 671 699 omnibus
697 665 892 699 definitoriis
911 665 1065 698 sientalii

327 721 526 760 definitores,
562 726 591 753 et
625 719 889 763 praecedentiam
915 719 1066 752 omnibus

326 773 555 807 definitoribus
581 774 613 806 in
635 775 705 806 loco
727 773 782 805 ubi
800 773 943 805 adsuerit
962 771 1067 805 (lictus

325 833 417 870 pater
442 827 613 869 generalis,
640 826 715 869 qnia
740 826 765 858 si
792 825 834 857 ibi
857 835 922 858 non
939 825 1067 863 adsunt,

327 881 416 912 nulla
441 880 504 912 erit
540 878 729 911 constitutio
765 878 899 911 vocandi
934 888 989 910 eos
1028 878 1066 910 ad

328 933 412 965 dicta
439 932 630 971 delinitoria,
654 942 735 975 quae
761 932 917 964 celebrari
942 931 1068 974 possint

328 986 449 1029 absque
476 985 530 1025 eis,
558 985 641 1018 sicut
669 985 789 1028 absque
824 984 970 1027 quolibet
1005 984 1068 1016 alio

327 1049 392 1071 non
419 1038 594 1081 praesenti,
628 1042 662 1070 ut
687 1038 885 1070 declaratum
921 1042 1070 1069 remanet

328 1091 359 1123 in
386 1091 478 1123 dictis
504 1090 801 1123 constitutionibus.

371 1154 437 1176 xui.
465 1143 553 1182 Quod
578 1148 701 1186 patres,
740 1142 794 1185 qui
831 1142 963 1175 suerunt
995 1152 1069 1185 pro-

327 1197 489 1236 vinciales,
513 1202 703 1229 remaneant
728 1207 798 1229 cum
825 1196 917 1228 titulo
942 1201 1068 1239 patrum

327 1250 513 1294 provinciae
539 1255 570 1283 et
595 1250 748 1282 domuum
778 1249 811 1281 in
838 1249 956 1292 quibus
983 1249 1070 1282 inve-

328 1305 466 1344 niantur,
494 1304 636 1336 babeant
672 1303 812 1346 primum
850 1304 959 1335 locum
995 1308 1068 1345 post

328 1358 472 1401 priorem
498 1358 634 1389 localem
660 1356 890 1399 praecedendo
916 1356 1070 1389 consilia-

328 1411 385 1442 riis
411 1415 442 1443 et
467 1409 537 1442 aliis
564 1409 734 1451 religiosis,
754 1414 784 1441 et
809 1420 844 1441 ex
872 1408 1069 1451 supradictis

329 1474 395 1496 non
421 1463 626 1504 intelligatur
651 1462 696 1494 eis
721 1462 887 1504 pertinere
913 1461 1069 1504 regimen,

329 1515 617 1548 animadvertendo
651 1515 753 1558 quod,
787 1514 813 1547 si
846 1514 957 1558 quovis
991 1520 1068 1547 tem-

330 1580 409 1613 pore
444 1568 582 1602 absuerit
619 1569 657 1600 ab
685 1568 839 1611 hospitali
865 1573 1068 1611 procurator,

330 1623 407 1655 dicti
432 1627 541 1665 patres
566 1621 749 1664 provinciae
774 1621 1013 1665 permanebunt
1037 1621 1069 1653 in

330 1676 442 1708 eadem
468 1675 544 1707 sede
570 1680 601 1707 et
626 1675 708 1714 loco,
735 1685 797 1717 quo
824 1674 918 1706 titulo
953 1674 1069 1716 gaude-

329 1729 433 1768 bunt,
461 1729 582 1771 absque
612 1728 813 1771 praeiudicio
850 1728 1069 1771 dispositionis

330 1792 400 1825 cap.
430 1792 486 1814 xxv
520 1786 702 1814 nostrarum
730 1781 1000 1815 constitutionum
1025 1792 1070 1813 sn-

330 1846 389 1878 per
415 1846 471 1868 eos
503 1835 557 1878 qni
591 1835 712 1867 babere
741 1836 862 1867 debent
894 1840 1000 1867 votnm
1037 1836 1069 1867 in

331 1888 483 1931 capitulo⁷
512 1888 542 1920 in
561 1899 625 1931 quo
644 1889 726 1921 nibil
745 1889 884 1931 possint,
904 1899 966 1921 nec
983 1899 1070 1932 prae-

332 1942 467 1974 tendant
492 1941 646 1973 innovare
672 1952 707 1973 ex
729 1941 936 1984 supradictis.

376 2005 439 2027 xiv.
463 1994 554 2032 Quod
578 2000 686 2037 patres
719 1995 909 2027 sacerdotes
936 1995 974 2027 ad
1001 2005 1071 2027 san-

333 2053 456 2081 ctorum
494 2054 768 2080 sacramentorum
809 2048 1066 2080 administratio-

333 2112 404 2133 nem
438 2101 581 2144 deputati
616 2101 760 2133 habeant
784 2101 815 2133 in
843 2101 990 2144 quolibet
1008 2112 1069 2134 mo-

332 2153 473 2186 nasterio
496 2154 635 2196 primum
648 2155 753 2186 locum
765 2159 795 2185 et
807 2154 1069 2196 praecedentiam

333 2207 403 2239 aliis
429 2207 578 2239 omnibns
605 2207 776 2248 religiosis,
803 2207 944 2250 exceptis
975 2218 1069 2250 supe-

335 2259 422 2292 riore
449 2265 477 2292 et
506 2259 714 2292 consiliariis.

379 2323 428 2344 xv.
456 2312 533 2350 Quia
558 2318 653 2355 capnt
670 2323 773 2346 xxxvn
791 2317 974 2345 nostrarum
992 2322 1068 2344 con-

333 2364 537 2397 stitutionum
565 2365 695 2397 ordinat
720 2371 751 2397 et
775 2366 905 2398 mandat
930 2366 1015 2408 quod
1037 2366 1068 2397 in

334 2424 482 2449 eventum
508 2418 618 2450 mortis
644 2419 814 2460 generalis,
851 2418 1070 2451 renunciatio-

333 2471 383 2503 nis
425 2472 473 2503 vel
508 2472 694 2513 privationis
731 2472 827 2504 oflicii
855 2473 896 2504 ob
932 2472 1068 2504 crimina

335 2523 514 2562 commissa,
542 2525 564 2555 si
589 2525 650 2556 boc
675 2525 818 2557 evenerit
843 2525 874 2557 in
894 2525 998 2567 primo
1017 2525 1070 2556 tri-

335 2577 430 2610 ennio
456 2587 507 2610 sev
535 2587 694 2609 annorum
720 2579 934 2619 generalatus,
956 2577 983 2610 ei
1003 2588 1069 2610 suc·
1091 2603 1093 2615 ,

908 192 1086 217 Βῐ’[[.ΧΠΙὶ”Ἀῐ
1111 192 1174 215 nm?
1184 192 1263 215 mun

1109 240 1202 272 cedat
1225 239 1257 271 in
1284 238 1369 272 dicto
1394 238 1500 272 officio
1536 240 1636 283 prior,
1678 241 1731 284 qui
1768 244 1844 274 tunc

1109 292 1228 332 suerit,
1255 292 1444 325 monasterii
1470 297 1501 325 et
1540 292 1675 336 hospitii
1707 293 1844 326 civitatis

1108 344 1314 378 Granatensis
1339 356 1442 389 usque
1468 346 1506 378 ad
1532 346 1711 388 capitulum
1738 346 1845 389 proxi-

1108 409 1216 438 mum;
1244 404 1290 438 et,
1311 399 1464 442 quoniam
1489 399 1594 432 evenit
1618 409 1710 432 casus
1734 399 1846 433 mortis

1109 451 1272 493 generalis
1298 451 1331 483 in
1362 451 1468 494 primo
1505 451 1655 492 triennio,
1689 451 1845 485 assistens

1109 504 1222 544 maior,
1249 504 1302 547 qui
1329 510 1406 537 tunc
1431 510 1510 544 erat,
1537 505 1617 537 dixit
1641 510 1674 538 et
1698 510 1847 548 praeten-

1109 557 1185 590 dere
1212 558 1321 600 coepit
1350 557 1456 590 eidem
1477 562 1660 601 competere
1678 557 1847 600 religionis

1109 611 1260 653 regimen·
1279 622 1450 654 usquequo
1477 611 1581 644 dictus
1614 612 1704 654 prior
1728 610 1849 644 Grana-

1110 664 1207 696 tensis
1233 665 1404 697 accederet
1428 664 1460 696 in
1485 664 1722 696 monasterium
1741 669 1772 697 et
1788 664 1849 697 ho-

1109 716 1253 759 spitium,
1278 717 1333 748 ubi
1359 717 1448 759 prius
1473 717 1638 750 residebat
1663 717 1766 750 dictus
1794 727 1849 760 pa-

1110 775 1158 802 ter
1194 769 1356 812 generalis
1383 774 1415 802 et
1439 769 1680 810 definitorinm3
1707 775 1739 803 et
1775 781 1849 804 cum

1110 822 1205 855 suerit
1228 823 1256 855 ei
1283 823 1543 862 contradictum,
1569 833 1607 855 ex
1633 833 1671 856 eo
1697 824 1782 866 quod
1804 824 1850 857 di-

1109 881 1178 909 ctae
1203 875 1455 909 constitutiones
1480 886 1546 909 non
1565 876 1594 909 ei
1612 877 1688 909 dant
1711 877 1849 910 similem

1110 930 1304 969 facultatem,
1332 934 1402 962 orta
1428 929 1485 961 suit
1510 929 1673 963 discordia
1696 930 1797 963 civilis
1818 935 1851 963 et

1110 981 1298 1021 criminalis,
1334 987 1366 1014 et
1401 981 1517 1024 religio
1556 982 1616 1015 suit
1650 983 1850 1016 notabilibus

1111 1035 1414 1077 perturbationibus
1439 1035 1598 1068 involuta:
1618 1035 1657 1068 ad
1682 1036 1851 1079 praedicta

1111 1087 1286 1130 reparandi
1311 1087 1522 1130 imposterum
1544 1088 1737 1131 declaratur,
1762 1089 1851 1133 quod

1110 1140 1143 1173 in
1169 1140 1254 1173 dicto
1279 1151 1354 1173 casu
1380 1141 1506 1181 mortis,
1527 1142 1577 1174 vel
1605 1142 1750 1176 desectus
1775 1142 1852 1176 dicti

1110 1195 1210 1237 patris
1235 1194 1399 1237 generalis
1425 1194 1458 1227 in
1482 1195 1586 1238 primo
1618 1195 1770 1236 triennio,
1795 1196 1852 1229 do-

1110 1257 1170 1281 nec
1196 1248 1300 1281 dictus
1324 1247 1415 1291 prior
1440 1247 1648 1281 Granatensis
1679 1248 1789 1282 veniet
1818 1249 1852 1282 in

1110 1301 1345 1335 monasterinm
1385 1302 1440 1334 ubi
1484 1302 1574 1335 adest
1611 1302 1851 1342 definitorium,

1111 1356 1160 1388 vel
1185 1355 1225 1387 ad
1255 1365 1288 1387 se
1320 1359 1413 1387 vocat
1448 1354 1638 1388 definitores
1674 1355 1729 1388 ubi
1761 1356 1854 1389 adest

1111 1409 1176 1449 ille,
1212 1412 1246 1440 ut
1278 1413 1452 1441 exerceant
1487 1418 1599 1441 eorum
1631 1402 1749 1449 officia,
1786 1419 1853 1441 non

1111 1461 1314 1503 intelligatur
1344 1461 1484 1494 osticium
1519 1471 1648 1500 vacans,
1675 1471 1736 1494 nec
1766 1461 1853 1504 regi-

1113 1524 1187 1546 men
1213 1513 1381 1555 religionis
1408 1513 1494 1546 dicto
1528 1513 1692 1546 assistenti
1725 1513 1852 1553 maiori,

1113 1577 1172 1599 nec
1198 1566 1296 1598 cuivis
1322 1566 1414 1599 alteri
1440 1565 1639 1606 definitorio‚
1667 1566 1692 1599 si
1718 1567 1851 1610 quidem

1113 1620 1230 1659 statim,
1258 1621 1368 1652 secuta
1393 1624 1497 1652 morte
1528 1619 1702 1662 generalis,
1727 1620 1853 1663 ingres-

1113 1684 1165 1705 sus
1191 1673 1250 1704 fnit
1276 1672 1411 1705 fruendo
1438 1672 1542 1705 dietus
1562 1672 1653 1715 prior
1677 1671 1854 1706 Granaten-

1113 1727 1155 1758 sis
1180 1726 1224 1758 uti
1250 1736 1418 1759 successor
1442 1725 1585 1768 regaliae
1610 1726 1658 1758 sui
1683 1727 1854 1769 generala-

1115 1785 1175 1819 tus,
1196 1784 1227 1811 et
1251 1780 1366 1811 eodem
1391 1778 1526 1810 instanti
1546 1788 1610 1811 non
1630 1784 1769 1822 possunt
1785 1778 1853 1812 dari

1114 1833 1194 1864 duae
1235 1842 1405 1875 personae,
1443 1841 1524 1874 quae
1561 1831 1755 1873 gubernent,
1792 1842 1854 1865 nec

1114 1885 1233 1917 dictum
1259 1883 1477 1917 definitorium
1496 1888 1552 1923 est,
1573 1884 1650 1916 dum
1674 1884 1766 1917 adest
1782 1885 1854 1918 abs-

1114 1949 1175 1981 que
1194 1938 1311 1981 capite.

1157 2002 1218 2024 xvi.
1257 1991 1335 2029 Quia
1372 1991 1550 2024 dubitatum
1592 1992 1651 2024 suit
1692 1993 1779 2035 quod
1817 1993 1851 2026 in

1113 2056 1188 2078 casu
1214 2045 1427 2078 successionis
1452 2045 1659 2088 dictiprioris
1678 2045 1853 2080 Granaten-

1113 2100 1154 2131 sis
1181 2099 1211 2130 in
1237 2098 1322 2131 dicto
1341 2098 1446 2130 officio
1465 2100 1672 2140 generalatus
1693 2099 1726 2132 in
1744 2100 1850 2144 primo

1114 2152 1254 2185 triennio
1280 2152 1321 2185 ob
1347 2152 1565 2195 supradictam
1592 2163 1722 2186 causam
1746 2153 1778 2186 in
1803 2153 1851 2187 di-

1112 2207 1161 2237 ela
1185 2205 1421 2237 constitutione
1445 2215 1560 2244 xxxvu,
1581 2205 1608 2238 si
1626 2205 1701 2238 dum
1722 2211 1852 2239 exercet

1113 2258 1255 2290 osticium
1281 2258 1466 2300 migraverit
1501 2268 1537 2290 ex
1573 2257 1646 2298 vita,
1678 2259 1852 2292 rennncia-

1112 2311 1202 2350 verit,
1227 2312 1276 2344 vel
1302 2312 1443 2354 privatus
1468 2311 1575 2351 suerit,
1602 2321 1665 2354 qua
1690 2312 1729 2344 de
1758 2314 1852 2345 causa

1113 2365 1220 2398 denuo
1244 2364 1403 2397 vacaverit
1439 2364 1558 2397 dictum
1589 2364 1731 2397 officium
1766 2365 1851 2399 intra

1113 2419 1199 2450 idem
1237 2418 1421 2463 triennium,
1462 2418 1532 2461 quis
1572 2417 1599 2450 ei
1640 2428 1849 2451 successurus

1115 2472 1227 2504 suerit:
1253 2472 1436 2504 declaratur
1459 2471 1596 2504 attinere
1621 2471 1667 2505 illi
1694 2472 1748 2515 qui
1776 2476 1852 2504 tunc

1115 2525 1270 2568 temporis
1308 2525 1403 2557 suerit
1438 2525 1527 2568 prior
1552 2525 1627 2558 dicti
1661 2525 1848 2558 monasterii

1114 2577 1345 2618 Grauatensis,
1381 2584 1411 2610 et
1445 2578 1538 2610 toties
1571 2578 1697 2622 quoties
1730 2577 1849 2611 dictum

1854 191 1907 219 An.
1924 191 1953 219 0.
1968 192 2036 222 168?

1913 2001 1944 2024 De
1971 2002 2045 2024 eodem

1863 2032 1922 2049 casu⁴
