2111 3157
177 268 229 294 An.
250 267 277 296 C.
298 267 362 296 ¹687

411 260 476 294 ’ΜΒ

371 320 535 360 congrua,
562 323 592 350 et
617 317 754 360 siugulis
781 316 894 349 diebus
924 315 1107 359 quindecim

372 371 610 404 confitebuntur
636 376 667 403 et
691 369 988 402 communicabunt.

428 424 457 456 7.
492 423 609 456 Omnes
643 423 766 465 aegroti
803 432 897 454 mane
929 420 1108 453 laudabunt

372 477 425 510 SS.
452 476 704 514 Sacramentum,
728 480 759 507 et
780 476 817 508 ad
836 475 992 507 honorem
1010 473 1041 506 S.
1060 473 1108 505 lo-

371 529 464 572 sephi
486 529 686 572 patriarchae
705 528 887 563 recitabunt
901 531 1027 569 septem
1046 525 1109 559 Pa-

373 585 419 613 ter
436 586 541 613 noster
566 586 597 613 et
620 581 687 614 Ave
705 581 812 613 Maria
830 591 900 612 cum
920 580 1034 613 Gloria
1050 579 1109 611 Pa-

372 635 426 673 tri,
447 634 602 666 recitante
627 636 689 666 una
708 644 779 666 eum
798 633 862 666 illis
888 632 1003 665 maiori
1021 631 1110 663 infir-

371 687 483 727 mario,
505 687 558 729 qui
577 698 646 719 eum
668 687 738 720 aliis
755 686 941 719 infirmariis
958 684 1107 728 protinus

371 740 495 772 curabit
516 740 561 772 eis
581 740 657 772 dare
683 740 893 777 ientaculum,
916 742 988 770 ante
1008 737 1106 779 quod,

370 793 415 824 uti
435 797 467 824 et
485 797 556 824 ante
576 792 747 834 prandium
767 802 800 823 ae
825 801 969 829 coenam,
989 789 1109 822 debent

370 845 507 878 recitare
533 844 717 877 OratIOnem
745 843 940 876 dominii-fam
967 848 998 875 et
1022 841 1109 874 Salu-

371 898 525 930 tationem
551 898 728 939 angelicam
753 907 813 940 pro
831 895 1105 928 benefactoribus.

425 950 455 983 8.
494 950 669 984 Undecima
702 951 781 983 hora
814 950 877 982 diei
914 949 953 981 ad
990 959 1106 981 sonum

371 1015 546 1047 campanae
584 1003 755 1037 conveniet
794 1003 894 1035 frater
929 1002 1108 1045 praefectus

371 1068 443 1090 cum
459 1057 544 1090 omni
560 1057 788 1090 communitate
804 1057 843 1089 ad
858 1056 999 1089 dandum
1018 1064 1109 1098 pran·

372 1111 459 1143 dium
485 1110 696 1154 pauperibus,
723 1115 755 1141 ct
777 1109 1038 1141 benedictionem
1056 1107 1109 1139 im·

370 1164 539 1207 partietur,
557 1169 588 1196 ct
613 1164 726 1196 fratres
751 1162 853 1196 nostri
880 1161 1026 1205 propriis·
1046 1171 1108 1193 ma-

370 1218 465 1250 nibus
491 1218 696 1260 apparabunt
713 1222 744 1249 et
769 1216 966 1249 distribuent
990 1215 1106 1254 discos

342 1281 436 1303 -non
463 1271 602 1303 exclusis
635 1271 674 1302 ab
704 1270 768 1302 hoe
800 1269 967 1302 charitatis
1000 1267 1106 1300 officio

369 1323 434 1356 illis
466 1324 519 1367 qui
542 1324 574 1356 in
599 1333 638 1356 eo
664 1323 782 1357 mereri
804 1322 973 1355 voluerint
991 1321 1107 1355 Obser-

369 1382 462 1410 vetur
486 1377 650 1410 silentium
677 1377 751 1410 dum
781 1376 957 1408 comedunt
985 1384 1107 1417 paupe-

369 1440 440 1469 res,
467 1430 578 1462 habita
608 1430 646 1462 ad
680 1429 882 1472 spiritualem
909 1427 1080 1460 lectionem
1097 1454 1104 1467 ‚

371 1493 453 1526 quae
479 1483 559 1525 ipsis
584 1482 653 1514 fieri
685 1482 791 1521 debet,
810 1480 1048 1523 applicatione3
1076 1485 1107 1512 et

369 1536 457 1568 finita
482 1535 722 1574 commestione,
754 1540 785 1566 et
809 1534 949 1577 peractis
973 1532 1105 1575 gratiis,

371 1589 560 1622 claudamur
584 1589 717 1627 ianuae,
739 1593 772 1619 ut,
797 1587 973 1629 quieseant,
998 1596 1105 1629 neque

371 1642 558 1684 aperiantur
577 1652 678 1684 usque
703 1641 742 1673 ad
768 1640 941 1673 secundam
968 1639 1107 1683 pomeri-

371 1695 510 1727 dianam.

415 1748 446 1780 9.
473 1747 589 1786 Quarta
606 1748 686 1780 hora
704 1757 776 1779 cum
796 1746 927 1779 dimidia
951 1750 1024 1788 post
1041 1755 1105 1778 me-

369 1801 486 1834 ridiem
515 1801 552 1833 ad
583 1811 756 1843 campanae
794 1800 933 1832 sonitum
964 1799 1106 1831 infirma-

371 1855 438 1887 rius
455 1855 604 1887 recitabit
625 1864 779 1886 coronam
800 1853 933 1885 Nostrae
952 1852 1105 1885 Dominae

371 1918 441 1940 cum
468 1906 608 1949 aegrotis
634 1912 664 1939 et
689 1906 998 1945 convalescentibus,
1017 1910 1104 1948 post-

370 1971 463 2003 quam
481 1960 628 2003 protinus
643 1959 770 1991 dabitur
782 1959 980 2002 pauperibus
995 1968 1103 1997 coena,

371 2013 419 2045 cui
447 2013 576 2045 assistet
601 2013 700 2045 frater
724 2012 908 2053 praefectus
940 2021 1011 2043 cum
1041 2013 1105 2043 tota

370 2065 612 2104 communitate,
641 2065 755 2097 eodem
781 2065 954 2097 observato
979 2064 1103 2102 ordine,

371 2128 434 2161 quo
460 2119 565 2150 datum
591 2118 668 2160 ipsis
691 2118 748 2149 fuit
772 2117 952 2159 prandium,
974 2122 1005 2148 et
1022 2116 1104 2149 dicta

371 2182 488 2205 corona
512 2182 572 2215 pro
596 2171 855 2203 benefactoribus
887 2169 965 2202 vivis
991 2174 1023 2202 et
1050 2169 1104 2202 de-

370 2225 488 2257 functis
514 2224 742 2268 a1>›plicabitur.

414 2277 467 2310 tt).
495 2278 525 2310 Si
552 2278 622 2320 quis
649 2278 778 2310 fratrum
804 2281 992 2309 nostrorum
1018 2275 1105 2308 infir-

371 2330 531 2370 mabitur,
559 2331 646 2363 illico
679 2331 826 2363 advertet
856 2330 987 2362 fratrem
1018 2328 1105 2360 infir-

371 2384 515 2422 marium,
543 2390 574 2416 et
598 2384 651 2416 hic
676 2384 852 2423 medicum,
882 2387 916 2414 ut
940 2382 1105 2423 recognita

372 2437 571 2477 aegritudine
597 2442 708 2475 assatur
733 2437 771 2469 cle
798 2435 954 2475 remedio,
981 2440 1012 2467 et
1038 2439 1103 2466 toto

372 2499 436 2531 quo
458 2489 585 2520 durabit
612 2495 753 2531 tempore
772 2489 798 2521 ci
820 2488 971 2520 assistent
988 2486 1102 2528 reliqui

372 2552 488 2581 magno
503 2552 572 2573 cum
594 2552 702 2573 amore
722 2547 753 2573 et,
771 2541 891 2579 studio,
911 2540 992 2572 adeo
1010 2544 1045 2570 ut
1062 2538 1104 2570 ni-

372 2594 417 2627 hil
433 2594 460 2626 ei
476 2594 565 2633 desit,
580 2594 751 2636 praecipue
778 2593 994 2625 incumbendo
1009 2591 1101 2624 saluti

373 2652 405 2680 et
427 2647 531 2680 bonae
556 2646 681 2679 animae
707 2646 954 2689 compositioni3
980 2650 1011 2678 et
1027 2654 1100 2678 casu

951 267 1130 291 nummum
1154 265 1306 290 namnum

1151 324 1213 356 quo
1240 313 1408 347 infirmitas
1433 313 1615 357 periculosa
1645 314 1706 354 sit,
1733 314 1885 358 disponat

1150 376 1183 399 se
1209 367 1379 399 admodum
1403 372 1609 410 opportune,
1636 377 1677 400 ne
1703 366 1826 409 absque
1851 376 1885 399 0-

1150 420 1278 452 mnibus
1303 420 1509 453 sacramentis
1537 420 1706 453 moriatur.
1731 419 1766 452 In
1799 420 1886 452 hunc

1150 470 1246 504 tinem
1272 472 1392 504 extabit
1416 472 1576 505 diversum
1600 471 1883 513 valetudinarium,

1151 535 1222 557 eum
1248 525 1467 568 suppellectili
1489 526 1551 558 alia
1575 536 1669 569 quarn
1694 535 1884 569 pauperum,

1151 578 1204 609 ubi
1238 583 1427 611 nostrorum
1453 578 1583 611 fratrum
1608 589 1683 610 cura
1708 578 1885 618 habeatur,

1151 641 1248 673 super
1273 641 1336 673 quo
1359 631 1458 664 frater
1482 632 1662 674 praefectus
1686 640 1803 673 magno
1822 636 1887 663 stu-

1151 683 1204 716 dio
1229 684 1394 717 incumbet
1414 689 1449 716 ut
1469 684 1577 716 omnia
1605 684 1671 716 sint
1689 684 1782 716 valde
1803 694 1887 716 corn·

1151 737 1255 779 posita
1281 742 1312 769 et
1335 742 1530 781 opportuna.

1194 789 1225 821 t.
1254 790 1432 832 Ilospitalia
1464 796 1573 822 nostra
1605 790 1733 822 unicam
1766 790 1887 823 debent

1887 265 1937 292 An.
1961 264 1991 292 C.
2009 263 2075 292 ¹687

1922 802 1990 822 Cara?
2007 801 2058 822 riu.

1914 829 1943 849 De
1954 830 2000 849 atu<
2010 829 2080 847 «ustri-

1151 842 1270 875 habere
1295 842 1332 874 ad
1359 843 1498 885 plateam
1519 843 1658 882 ianuam,
1677 843 1762 875 ultra
1787 842 2017 885 porti-bunonams
2059 856 2080 874 et

1895 882 1977 902 auimail
1983 881 2079 901 vei-muni·

1151 896 1255 927 culam
1292 906 1351 938 pro
1387 896 1499 928 domus
1525 895 1676 935 servitio,
1704 900 1745 928 et·
1765 895 1884 928 ostium
1896 909 1934 929 hus
1963 914 1999 934 pm

2024 907 2078 929 bunt

1863 948 1869 953 -
1897 935 2039 956 observantia.

1151 959 1277 991 semper
1301 949 1397 981 debet
1422 959 1492 982 esse
1517 950 1672 989 clausum,
1693 948 1787 991 eique
1808 959 1886 982 assi-

1151 1006 1233 1033 stere
1259 1001 1359 1034 frater
1381 1011 1476 1041 unus,
1495 1002 1549 1044 qui
1575 1001 1747 1034 ianitorem
1772 1006 1853 1043 agat,
1869 1011 1887 1033 a

1151 1055 1318 1097 superiore
1352 1055 1527 1097 deputatus
1557 1055 1596 1087 ad
1622 1054 1831 1097 aperiendum
1855 1059 1888 1087 et

1151 1108 1367 1140 claudendum
1385 1113 1495 1150 portas
1513 1113 1662 1140 accurate
1684 1106 1730 1139 eis
1749 1106 1803 1149 qui
1821 1107 1889 1150 pul·

1150 1160 1308 1200 saveriut‚
1334 1166 1366 1193 et
1391 1161 1580 1193 duodecima
1604 1160 1685 1192 hora
1708 1159 1887 1192 meridiana

1150 1215 1254 1246 claves
1280 1214 1440 1257 superiori
1466 1214 1643 1255 consignet,
1668 1212 1820 1256 idemque
1844 1213 1888 1246 fa-

1149 1266 1212 1299 eiet
1236 1267 1526 1310 advesperascente
1552 1266 1616 1298 die.

1193 1320 1223 1352 2.
1251 1320 1319 1353 Non
1346 1320 1553 1363 permittatur
1585 1330 1623 1352 ex
1651 1319 1755 1352 ianuis
1786 1319 1819 1352 in
1835 1329 1889 1353 no·

1149 1377 1213 1404 stra
1238 1372 1413 1415 hospitalia
1437 1372 1610 1405 mulierum
1634 1372 1822 1414 ingressus,
1855 1377 1887 1406 et

1149 1436 1229 1468 quae
1256 1426 1383 1457 ratione
1401 1425 1603 1467 cognationis
1619 1426 1730 1458 volent
1746 1425 1886 1468 aliquem

1148 1480 1427 1511 convalescentem
1453 1478 1604 1517 invisere,
1624 1482 1779 1521 poterunt
1801 1478 1833 1511 id
1852 1477 1886 1511 in

1148 1531 1292 1563 conclavi
1320 1530 1450 1563 ostiario
1475 1540 1582 1572 agere.

1191 1583 1222 1616 3.
1245 1583 1312 1616 Non
1342 1583 1514 1616 admittent
1542 1583 1656 1616 fratres
1683 1583 1884 1617 visitationes

1149 1636 1179 1668 in
1205 1636 1421 1675 conclavibus,
1440 1636 1497 1668 sed
1516 1634 1569 1668 ea¹
1586 1641 1741 1679 poterunt
1761 1636 1885 1670 admitti

1148 1689 1178 1721 in
1201 1690 1271 1721 aula
1297 1694 1350 1721 aut
1374 1689 1445 1721 aliis
1465 1688 1543 1721 locis
1569 1688 1709 1731 publicis
1733 1689 1773 1722 ad
1798 1689 1886 1723 hunc

1149 1743 1297 1775 ellectum
1322 1742 1354 1773 in
1381 1741 1533 1784 hospitali
1560 1741 1750 1784 designatis.

1190 1795 1222 1827 4.
1250 1796 1283 1827 ln
1309 1795 1447 1838 prandio
1473 1800 1504 1827 ct
1528 1796 1628 1827 coena
1645 1795 1827 1827 servabitur
1844 1794 1886 1827 si-

1148 1849 1280 1882 lentium
1306 1848 1336 1879 in
1361 1847 1511 1887 triclinio,
1532 1847 1702 1887 omnibus,
1729 1847 1804 1880 dum
1833 1857 1885 1881 co-

1148 1902 1290 1940 medunt,
1309 1901 1418 1943 aliquo
1434 1900 1554 1943 pabulo
1568 1900 1747 1933 animarum
1762 1900 1885 1934 refocil-

1148 1954 1299 1994 lantibus‚
1322 1953 1453 1986 lectioni
1472 1953 1640 1995 spirituali,
1661 1963 1744 1996 quae
1770 1953 1883 1986 haberi

1148 2008 1254 2047 debet,
1280 2007 1506 2045 incumbendo,
1537 2006 1597 2038 sibi
1621 2006 1757 2039 invicem
1782 2005 1885 2039 inser-

1148 2061 1243 2099 viant,
1267 2070 1326 2092 nec
1350 2061 1494 2092 locorum
1520 2059 1628 2102 aliqua
1653 2059 1695 2092 sit
1724 2059 1885 2102 praeemi-

1147 2113 1265 2152 nentia,
1285 2123 1379 2155 quam
1399 2123 1480 2155 quae
1495 2112 1607 2144 ordine
1625 2111 1804 2151 resultabit,
1817 2122 1883 2155 quo

1146 2165 1263 2207 singuli
1289 2165 1520 2205 adventabant,
1547 2170 1682 2208 excepto
1707 2164 1882 2208 praefecto,

1147 2219 1199 2262 qui
1226 2218 1322 2251 debet
1346 2219 1453 2251 locum
1479 2218 1689 2261 praecipuum
1713 2217 1847 2251 habere.

1195 2272 1227 2305 5.
1263 2272 1404 2304 Peractis
1438 2271 1550 2314 gratiis
1583 2277 1656 2314 post
1684 2271 1881 2314 prandium,

1146 2325 1232 2357 illico
1272 2324 1429 2367 incipient
1466 2324 1639 2357 stationem
1674 2323 1728 2357 SS.
1766 2324 1883 2357 Sacra-

1146 2378 1257 2417 menti,
1277 2388 1372 2420 quam
1398 2377 1564 2410 recitando
1591 2376 1765 2410 ordinatim
1791 2377 1883 2410 ibunt

1146 2442 1244 2473 usque
1271 2431 1308 2463 ad
1335 2430 1516 2469 ecelesiam,
1536 2435 1567 2462 et
1587 2440 1657 2462 eam
1676 2430 1884 2473 applicabunt

1147 2494 1204 2527 pro
1230 2483 1492 2516 benefactoribus
1509 2483 1586 2515 vivis
1605 2488 1637 2516 et
1653 2483 1802 2516 mortuis.
1821 2482 1884 2516 No-

1146 2543 1195 2569 ctu
1221 2542 1294 2569 ante
1321 2547 1454 2569 coenam
1480 2537 1557 2569 feria
1582 2537 1721 2569 secunda
1737 2563 1744 2577 ,
1767 2536 1884 2579 quarta

1146 2597 1177 2624 et
1208 2593 1295 2623 sexta
1326 2591 1388 2623 erit
1426 2590 1603 2634 capitulum
1640 2591 1811 2634 culparum
1847 2589 1881 2632 iu

1182 2653 1192 2679 1
1215 2652 1310 2688 Aptius
1328 2652 1388 2688 lege
1407 2660 1455 2679 eae
1476 2656 1511 2679 (n.
1532 2651 1581 2686 ⁷12).
