2111 3157
12 182 63 209 An.
83 181 110 206 C.
130 178 195 207 ¹688

197 225 411 263 ministratam
437 236 500 259 non
521 225 674 259 debemus
698 225 730 258 in
755 224 932 258 crastinum

197 289 305 323 neque
330 279 427 313 etiam
451 279 484 312 in
511 289 678 322 vesperam
706 279 775 312 sine
802 278 932 312 licentia

197 341 374 366 reservare.

189 423 192 424 ⁷
239 394 300 418 xxi.
328 384 422 418 Extra
451 385 548 418 horas
581 384 766 418 resectionis
799 383 929 426 aliquod

195 436 422 470 alimentorum
446 448 571 470 sumere
603 443 656 470 aut
683 437 792 469 vinum
816 437 928 470 bibere

195 489 276 522 nulli
300 495 447 523 nostrum
468 490 552 530 licet,
578 490 639 522 nisi
664 489 847 529 infirmitas,
874 490 928 522 de-

194 540 321 581 bilitas,
349 547 403 574 aut
436 542 497 575 alia
528 542 730 575 rationabilis
755 552 849 574 causa
873 552 926 574 ex-

193 599 294 627 cuset.
329 594 553 628 Verumtamen
589 594 777 627 conceditur
810 594 923 627 diebus

191 643 303 679 ieiunii
327 656 398 680 sero
430 657 501 680 cum
534 647 606 679 vino
638 647 806 679 frustulum
830 646 923 690 panis

191 708 326 739 sumere,
351 710 392 732 ne
416 705 508 742 potus
533 703 657 732 noceat.

232 760 308 785 xxn.
327 751 458 790 Quoties
477 751 593 795 aliquis
608 756 762 791 nostrum,
783 751 921 784 ubicum-

189 813 251 846 que
265 803 369 843 suerit,
384 804 526 837 scienter
538 804 657 837 biberit
673 814 789 846 purum
803 803 918 843 vinum,

188 855 250 888 nisi
277 861 414 899 urgente
450 856 665 896 necessitate,
692 856 786 889 toties
822 857 919 889 absti—

187 912 263 940 neat
288 919 305 941 a
328 909 413 950 vino,
432 908 561 952 quando
582 908 694 942 bibere
720 909 841 953 poterit
869 920 919 942 or-

187 960 308 994 dinate.

228 1023 318 1048 xxm.
345 1013 461 1047 Vinum
485 1019 517 1047 et
540 1014 674 1048 cervisia
693 1014 745 1048 tali
767 1018 918 1048 mensura

184 1065 410 1100 ministrentur
432 1072 467 1100 ut
486 1068 577 1100 nulla
602 1068 697 1100 detur
721 1068 844 1101 occasio
862 1079 918 1101 no-

185 1118 292 1153 tabilis
317 1129 490 1160 excessus;
510 1120 595 1164 quod
614 1121 640 1153 si
661 1120 770 1165 aliqua
787 1121 827 1153 sit
844 1132 917 1165 per-

184 1181 263 1205 sona
286 1170 436 1212 Ordinis,
463 1183 556 1216 quae,
581 1173 710 1206 incauta
734 1174 915 1216 sumptione

182 1223 246 1257 vini
273 1225 322 1258 vel
346 1224 522 1266 cervisiae,
552 1226 690 1268 patiatur
714 1226 836 1270 aliquid
862 1228 916 1260 de-

183 1277 327 1311 trimenti
356 1279 463 1321 quoad
489 1289 581 1312 usum
606 1279 741 1312 rationis
766 1281 816 1313 vel
833 1281 916 1313 vale-

183 1330 329 1365 tudinem
363 1332 530 1376 corporis‚
565 1333 688 1376 priores
725 1333 834 1366 taliter
866 1344 916 1367 re-

181 1383 341 1426 stringant
355 1395 535 1418 mensuram
549 1385 732 1429 utriusque,
751 1391 786 1418 ut
802 1392 915 1419 natura

182 1436 230 1470 sic
251 1436 369 1471 habeat
387 1437 612 1471 necessitatem
629 1449 717 1471 suam
729 1466 736 1479 ,
757 1444 791 1471 ut
807 1444 914 1472 tamen

181 1489 306 1522 nullum
330 1489 363 1523 in
387 1500 525 1533 corpore
545 1491 594 1524 vel
619 1491 835 1524 conscientiae
860 1502 914 1535 pa-

182 1540 280 1575 tiatur
304 1542 546 1576 detrimentum.

223 1605 306 1629 xxiv.
326 1594 401 1634 Qui¹
420 1596 595 1629 secundum
613 1596 848 1630 sanctissimam
862 1608 915 1630 no-

180 1647 237 1682 stri
255 1646 383 1681 Ordinis
400 1649 677 1688 consuetudinem,
693 1660 710 1682 a
727 1650 844 1682 sanctis
859 1661 915 1693 pa·

181 1700 285 1734 tribus
298 1701 417 1735 nostris
434 1701 664 1742 introductam,
681 1712 808 1735 omnem
823 1713 913 1736 esum

181 1758 213 1787 et
253 1754 471 1798 sumptionem
513 1754 658 1787 carnium
702 1760 732 1788 et
771 1756 912 1789 omnium

181 1816 405 1850 quaecumque
431 1817 467 1841 ex
494 1808 646 1840 carnibus
669 1809 916 1851 quomodolibet

181 1864 342 1900 constent,
358 1860 425 1894 sive
450 1871 507 1903 per
531 1860 661 1893 modum
680 1860 751 1901 eibi,
771 1861 837 1894 sive
858 1872 915 1905 per

181 1912 311 1946 modum
336 1913 476 1957 potionis
501 1923 556 1946 seu
577 1913 767 1946 sorbitionis
792 1924 915 1947 suman-

181 1970 243 2005 tur,
265 1975 282 1998 a
306 1971 420 1999 nostro
445 1966 617 2009 proposito
637 1967 834 2000 abiecimus:
857 1973 914 1999 sta·

168 2018 299 2052 'tuimus
340 2024 375 2051 ut
414 2019 610 2062 quicumque
652 2019 753 2052 nostri
788 2019 915 2052 Ordinis

181 2072 346 2115 professus
374 2072 468 2105 huius
502 2077 564 2105 tam
590 2072 761 2105 laudabilis
788 2073 916 2106 institu-

183 2123 279 2157 tionis
298 2129 519 2167 transgressor
536 2124 686 2164 extiterit,
700 2136 814 2158 carnes
829 2126 917 2159 vide-

181 2177 257 2211 licet
280 2177 481 2210 comedendo
507 2177 579 2220 (a),
607 2188 662 2210 seu
688 2177 781 2210 alicui
806 2189 917 2222 perso·

182 2240 241 2264 nae
265 2229 393 2263 Ordinis
417 2229 648 2270 ministrando,
668 2236 721 2263 aut
744 2231 918 2264 comeden-

220 2293 228 2319 1
253 2291 366 2319 Videtur
383 2292 526 2326 legendum
547 2292 620 2324 Quia
640 2291 675 2325 (a.
698 2292 746 2323 τ.).

217 2337 247 2369 α)
264 2335 339 2363 Extat
351 2336 589 2363 excommunicatio
601 2344 615 2362 a
629 2336 797 2363 sanctissimo
809 2336 917 2364 domino

183 2385 274 2409 nostro
291 2380 371 2407 Paulo
386 2381 408 2407 V
426 2380 533 2408 Summo
550 2380 679 2408 Pontifice
700 2381 752 2407 lata
772 2381 796 2407 in
813 2390 858 2408 eos
874 2383 918 2417 qui

182 2425 281 2452 vellent
299 2424 386 2452 adhuc
405 2424 443 2451 uti
463 2424 666 2460 quomodolibet
684 2424 802 2459 licentia,
819 2433 832 2452 a
848 2426 918 2453 Poe-

182 2469 338 2497 nitentiaria
358 2469 476 2496 Romana
494 2477 509 2495 a
532 2468 694 2511 quibusdam
721 2469 783 2496 olim
808 2469 919 2496 obtenta

184 2521 231 2548 pro
250 2512 386 2547 aegrotis,
407 2513 435 2540 in
454 2512 650 2548 praeiudicium
677 2512 758 2540 huius
777 2512 920 2541 laudabilis

183 2556 392 2585 constitutionis.

289 2612 367 2640 Bull.
386 2611 463 2641 Rom.
482 2627 514 2632 —
535 2613 593 2639 Vol.
611 2612 681 2640 XIX!
832 2613 882 2640 104

796 175 1007 202 INNOCENTIL'S
1030 178 1059 201 XI
1084 178 1132 202 ΓΡ.

974 224 1057 258 tibus
1083 226 1131 259 vel
1165 225 1422 258 ministrantibus
1448 226 1701 266 consentiendo,

973 279 1023 310 vcl
1048 289 1112 312 non
1137 279 1343 322 prohibendo
1368 289 1439 311 cum
1464 279 1605 322 potuerit
1628 290 1704 322 pro-

973 330 1098 371 hibere,
1116 332 1164 364 vel
1182 331 1235 374 qui
1261 331 1358 364 insra¹
1377 331 1488 364 domus
1513 341 1591 364 suae
1616 332 1703 364 clau-

972 393 1079 416 suram
1115 384 1370 427 quibuscumque
1410 384 1555 427 personis
1586 395 1700 419 carnes

970 435 1226 476 ministraverit,
1259 447 1314 469 seu
1351 437 1389 469 ab
1421 436 1491 469 aliis
1516 437 1701 479 permiserit

968 488 1167 529 ministrari,
1194 499 1253 522 nec
1284 489 1492 532 prohibuerit
1522 490 1700 532 prohibere

967 550 1037 572 cum
1062 541 1195 580 valebit,
1223 542 1247 573 si
1272 542 1364 584 prior
1394 542 1443 575 vel
1472 542 1609 575 vicarius
1644 548 1699 576 aut

966 598 1158 635 procurator
1182 593 1243 626 hoc
1269 594 1390 633 fecerit,
1417 594 1487 637 ipso
1513 594 1700 634 sacto‚tam-

965 656 1058 688 quam
1084 645 1184 688 ipsius
1203 646 1251 678 sui
1272 646 1409 679 instituti
1432 647 1647 681 calumniator
1666 654 1698 682 et

965 702 1201 741 transgressor,
1221 699 1442 733 obedientiam
1460 701 1584 743 perdat,
1597 707 1629 734 et
1645 713 1697 736 vo-

963 749 1055 783 cibus
1078 762 1113 783 ac
1130 751 1209 784 locis
1227 752 1345 785 debitis
1363 759 1394 785 et
1410 753 1528 786 ceteris
1544 755 1697 788 obedien-

963 802 1013 834 tiis
1037 802 1165 836 Ordinis
1181 809 1290 836 careat
1314 804 1344 836 in
1371 810 1555 845 aeternum
1576 806 1601 838 si
1618 817 1694 841 vero

961 855 1096 898 simplex
1122 856 1301 889 monachus
1318 862 1372 889 aut
1395 857 1456 890 alia
1477 858 1608 901 quaevis
1624 869 1696 903 per-

960 918 1037 941 sona
1061 908 1189 942 Ordinis
1215 909 1377 951 extiterit,
1403 920 1505 950 voce,
1531 911 1626 950 loco,
1659 922 1695 945 ac

960 960 1154 994 obedientiis
1179 972 1300 1002 carens,
1318 968 1477 1005 perpetuo
1504 963 1542 996 ad
1563 963 1695 1007 capituli

959 1014 1119 1056 generalis
1155 1015 1352 1048 voluntatem
1383 1016 1505 1048 carceri
1529 1017 1695 1060 mancipe-

959 1072 1021 1099 tur.
1056 1067 1144 1099 llanc
1168 1072 1275 1100 autem
1308 1067 1507 1101 laudabilem
1538 1069 1694 1102 constitu-

959 1120 1078 1152 tionem
1096 1121 1133 1153 ad
1145 1119 1156 1137 ⁹
1173 1131 1285 1153 omnes
1312 1120 1471 1154 moniales
1488 1122 1590 1155 nostri
1606 1121 1694 1156 Ordi-

958 1173 1025 1211 nis,
1056 1179 1087 1206 et
1112 1173 1158 1206 cis
1184 1172 1427 1216 praesidentes,
1456 1174 1495 1207 de
1527 1175 1627 1208 verbo
1652 1175 1692 1209 ad

956 1226 1089 1259 verbum
1124 1225 1253 1259 extendi
1290 1227 1437 1259 volumus
1469 1232 1501 1260 et
1530 1227 1689 1262 iuhemus.

956 1278 1073 1312 Carnes
1109 1285 1213 1312 autem
1248 1284 1397 1313 mortuae
1429 1290 1591 1324 nunquam
1616 1291 1692 1315 ven-

957 1332 1073 1364 dantur
1098 1332 1129 1364 in
1155 1331 1286 1364 Ordine.
1400 1334 1404 1338 “

999 1395 1068 1418 xvv.
1087 1385 1278 1428 Disciplinas
1295 1386 1345 1418 vel
1366 1386 1501 1428 vigilias,
1522 1397 1579 1419 seu
1600 1396 1691 1431 quae·

956 1438 1035 1471 libet
1060 1438 1120 1471 alia
1144 1438 1312 1480 religionis
1337 1438 1500 1478 exercitia,
1528 1449 1609 1482 quae
1634 1450 1691 1473 no·

955 1496 1039 1525 strae
1064 1492 1276 1524 institutionis
1304 1502 1367 1524 non
1401 1496 1494 1530 sunt,
1521 1492 1602 1525 nulli
1634 1502 1692 1526 no-

956 1549 1069 1584 strum,
1086 1544 1148 1577 nisi
1166 1545 1276 1588 priore
1301 1544 1423 1578 sciente
1442 1550 1473 1577 et
1492 1544 1628 1586 favente,
1647 1544 1690 1579 sa-

956 1607 1028 1631 cere
1054 1598 1140 1631 licet.

999 1661 1081 1684 xxvt.
1109 1650 1220 1683 Nullus
1245 1651 1340 1683 etiam
1362 1650 1453 1693 prior
1471 1652 1521 1683 vel
1544 1651 1690 1686 subditus

957 1704 1049 1736 saciet
1073 1702 1298 1743 abstinentias,
1322 1707 1551 1746 praeterquam
1576 1703 1615 1736 ab
1636 1703 1692 1737 Or-

957 1756 1031 1789 dine
1056 1755 1262 1789 constitutas.

1000 1819 1094 1842 xxvn.
1122 1808 1184 1841 Sed
1209 1808 1235 1840 si
1261 1808 1311 1840 cui
1337 1813 1483 1840 nostrum
1517 1807 1605 1851 prior
1637 1819 1691 1841 vo-

956 1862 1051 1896 luerit
1075 1861 1247 1903 iniungere
1272 1865 1307 1892 ut
1338 1861 1411 1903 plus
1440 1860 1499 1892 sibi
1526 1860 1693 1904 indulgeat

956 1915 986 1947 in
1012 1915 1084 1947 cibo
1109 1919 1140 1946 et
1165 1923 1280 1945 somno
1305 1913 1354 1946 vel
1379 1913 1441 1946 alia
1466 1913 1611 1957 qualibet
1635 1925 1689 1954 re,

956 1978 1051 2011 quam
1066 1971 1217 1999 statutum
1236 1966 1402 2005 decernat,
1423 1972 1476 1998 aut
1497 1976 1513 1999 e
1536 1976 1690 2000 converso

956 2020 980 2052 si
1007 2020 1123 2052 durum
1150 2024 1182 2051 et
1206 2029 1300 2061 grave
1327 2018 1447 2061 aliquid
1473 2024 1604 2062 praeter
1628 2024 1692 2052 sta-

958 2078 1057 2105 tutum
1084 2072 1112 2104 ei
1139 2071 1307 2113 imponere
1332 2071 1480 2111 voluerit,
1507 2081 1692 2114 repugnare

959 2126 1003 2157 sas
1028 2135 1092 2157 non
1119 2124 1295 2156 habemus:
1321 2134 1361 2156 ne
1387 2134 1459 2157 eum
1485 2124 1513 2157 ei
1539 2125 1694 2157 restiteri-

958 2188 1037 2215 mus,
1065 2187 1130 2209 non
1156 2176 1196 2216 ei,
1221 2177 1276 2209 sed
1308 2176 1454 2216 Domino,
1490 2177 1580 2209 cuius
1617 2188 1694 2220 erga

959 2241 1017 2263 nos
1041 2230 1126 2262 vices
1151 2229 1244 2272 gerit,
1281 2229 1434 2261 restitisse
1460 2229 1691 2264 inveniremur.

959 2284 1047 2316 Licet
1071 2282 1156 2315 enim
1182 2282 1282 2315 multa
1306 2281 1372 2314 sint
1396 2286 1428 2314 et
1453 2282 1580 2315 diversa
1613 2293 1694 2326 quae

960 2336 1169 2369 observamus
1196 2344 1260 2366 uno
1283 2339 1389 2367 tamen
1410 2338 1441 2367 et
1458 2335 1528 2367 solo
1543 2335 1694 2368 obedien-

960 2389 1021 2421 tiae
1045 2387 1144 2427 bono,
1166 2391 1279 2420 cuncta
1299 2386 1393 2419 nobis
1411 2387 1571 2420 fructuosa
1589 2387 1696 2421 sutura

960 2451 1138 2485 speramus.

997 2513 1006 2537 1
1030 2511 1160 2538 Videlicet
1178 2511 1260 2538 intra
1279 2511 1314 2545 (n.
1334 2511 1382 2542 τ,).

996 2556 1012 2583 2
1032 2555 1097 2583 Male
1117 2555 1179 2582 edit·
1199 2555 1278 2583 Maiu.
1300 2555 1364 2591 legit
1382 2557 1408 2584 et
1429 2562 1475 2592 pro
1496 2556 1533 2583 ad
1553 2556 1590 2592 (n.
1611 2555 1657 2591 τ.).

1604 168 1667 201 825
1712 178 1760 204 An.
1783 177 1809 204 c.
1830 177 1894 205 1688
