2111 3157
42 201 91 228 An.
105 198 133 226 C.
157 196 222 225 ¹683

63 522 178 543 clausulae.

23 2046 38 2071 J
102 2047 215 2073 nerogatto

37 2075 193 2097 contrariorum.

821 198 1032 222 INNOCENTtt'S
1054 200 1085 222 XI
1112 199 1159 223 PP-

230 251 261 278 et
284 245 361 286 sore,
388 246 420 278 in
443 246 590 280 omnibus
616 251 647 280 et
671 257 729 290 per
747 246 865 286 omnia,
889 257 961 289 per-

229 299 302 332 inde
327 310 362 332 ae
377 299 403 332 si
428 301 467 333 ab
493 310 605 333 eorum
631 299 766 342 singulis
793 299 960 333 cameralis

229 352 385 395 obligatio
410 353 450 386 ad
475 354 617 386 savorem
642 353 741 396 ipsius
765 353 883 386 banchi
909 353 957 384 sa-

228 410 277 438 cta
301 406 421 446 suisset,
440 407 629 439 auctoritate
648 406 832 449 apostolica,
848 411 958 438 tenore

227 459 464 501 praesentium,
491 459 658 492 statuimus
683 464 715 492 et
739 459 939 492 ordinamus.

271 512 285 554 ἓ
309 511 341 545 3.
367 513 584 545 Decernentes
612 512 739 545 easdem
772 516 959 555 praesentes

227 564 349 598 litteras
374 575 504 608 semper
520 564 640 604 firmas,
658 564 780 596 validas
804 569 835 596 et
859 563 959 596 effica-

227 627 280 650 ces
303 617 442 650 existere
466 622 498 649 et
521 617 601 656 sore,
628 626 768 659 suosque
792 615 957 658 plenarios

227 674 259 701 et
280 669 424 712 integros
450 669 581 701 effectus
602 668 711 702 sortiri
741 673 773 700 et
798 668 955 707 obtinere,

225 731 263 753 ac
291 722 395 754 banco
427 727 460 754 et
491 721 739 764 archihospitali
771 720 955 763 praedictis,

225 772 420 816 illorumque
442 773 598 806 ministris
623 778 655 805 et
679 773 879 812 officialibus,
901 783 955 806 seu

224 825 295 858 aliis
311 852 319 866 ,
346 826 385 858 ad
410 836 489 868 quos
521 831 643 868 spectat
673 830 704 858 et
727 836 786 869 pro
812 831 955 869 tempore

224 878 390 921 spectabit,
406 878 439 910 in
456 878 607 911 omnibus
629 883 661 911 et
677 888 736 921 per
761 878 867 911 omnia
887 879 956 921 ple-

223 929 355 963 nissime
379 929 559 972 suffragari,
582 935 614 962 et
638 930 677 963 ab
702 929 785 970 illis,
812 931 850 963 ad
876 940 955 973 quos

223 988 348 1027 spectat
368 988 401 1016 et
423 993 483 1026 pro
509 988 653 1026 tempore
684 984 954 1027 quandocumque

223 1036 402 1080 spectabit,
428 1035 662 1068 inviolabiliter
686 1036 871 1076 observari,
897 1036 955 1069 sic-

224 1099 286 1132 que
300 1093 331 1122 et
347 1098 411 1121 non
429 1088 523 1121 aliter
541 1088 573 1120 in
590 1089 774 1131 praemissis
791 1099 851 1132 per
867 1099 956 1132 quos·

224 1151 360 1185 cumque
393 1141 515 1174 iudices
549 1141 731 1175 ordinarios
764 1147 796 1174 et
827 1142 956 1184 delega-

224 1202 292 1236 tos,
322 1196 418 1229 etiam
450 1206 620 1229 causarum
641 1196 751 1239 palatii
785 1197 954 1239 apostolici

225 1254 256 1282 et
272 1249 380 1282 curiae
398 1249 548 1282 Gamerae
564 1250 768 1292 Apostolicae
787 1251 954 1292 generales

223 1302 396 1342 auditores,
421 1312 549 1335 necnon
569 1302 733 1341 vicarium,
759 1304 956 1344 gubernato-

223 1365 291 1388 rem
306 1360 338 1388 et
351 1360 535 1388 senatorem
550 1355 654 1388 dictae
668 1355 773 1395 Urbis,
790 1366 825 1388 ar.
840 1355 952 1388 S.R.E.

223 1408 445 1446 camerarium,
461 1412 492 1440 et
506 1408 585 1440 alios
603 1407 792 1445 cardinales,
807 1407 901 1439 etiam
916 1408 954 1440 de

223 1460 326 1493 latere
339 1462 474 1503 legatos,
487 1460 678 1503 dictaequae
699 1459 852 1494 Gamerae
869 1471 957 1503 prae-

223 1513 377 1552 sidentes,
409 1512 559 1553 clericos,
588 1513 831 1546 thesaurarium
858 1524 956 1556 gene-

221 1566 337 1606 ralem,
366 1565 511 1608 aliosque
545 1565 699 1598 officiales
729 1571 759 1598 et
787 1566 955 1599 ministros

222 1628 308 1650 nunc
343 1623 374 1651 et
408 1628 466 1661 pro
503 1623 647 1661 tempore
684 1619 955 1662 quandocumque

222 1671 406 1711 existentes,
425 1671 550 1703 sublata
564 1671 610 1703 eis
635 1676 666 1704 et
691 1681 801 1704 eorum
823 1672 958 1705 cuilibet

223 1723 336 1766 quavis
356 1723 450 1757 aliter
469 1723 633 1756 iudicandi
661 1729 692 1756 et
717 1724 956 1767 interpretandi

222 1775 371 1809 facultate
397 1781 429 1809 et
450 1777 650 1817 auctoritate,
673 1776 805 1809 iudicari
831 1782 863 1809 et
886 1777 958 1809 deti-

222 1828 286 1862 niri
305 1829 442 1870 debere;
464 1839 501 1862 ac
518 1829 646 1862 irritum
663 1835 695 1862 et
711 1830 807 1863 inane
825 1831 850 1863 si
867 1841 957 1863 secus

222 1891 323 1925 super
347 1881 398 1914 his
419 1893 437 1916 a
459 1892 633 1926 quoquam,
656 1882 768 1926 quavis
789 1883 957 1916 auctorita-

224 1939 268 1976 te,
306 1934 447 1968 scienter
475 1936 525 1968 vel
557 1935 753 1978 ignoranter,
788 1936 957 1979 contigerit

223 1988 388 2022 attentari.

268 2041 283 2085 ἓ
306 2041 339 2074 4.
364 2041 435 2074 Non
453 2042 672 2083 obstantibus,
692 2047 853 2086 quatenus
879 2054 957 2086 opus

223 2094 285 2135 sit,
311 2096 421 2127 nostra
448 2099 480 2127 et
506 2094 723 2128 Cancellariae
753 2096 957 2138 Apostolicae

225 2148 339 2190 regula
363 2147 401 2180 de
427 2146 496 2180 iure
529 2147 676 2190 quaesito
707 2158 773 2180 non
802 2150 956 2190 tollendo,

227 2200 361 2244 aliisque
385 2199 671 2233 constitutionibus
695 2205 726 2233 et
751 2201 959 2235 ordinationi-

225 2254 288 2287 bus
321 2253 524 2296 apostolicis,
556 2263 684 2286 necnon
716 2254 821 2287 dictae
852 2254 956 2296 Urbis,

227 2306 335 2340 aliisve
360 2305 543 2349 quibusvis,
560 2306 655 2339 etiam
671 2306 865 2347 iuramento,
884 2319 959 2341 con-

227 2359 407 2392 firmatione
432 2359 620 2402 apostolica,
644 2359 692 2391 vel
724 2360 832 2403 quavis
864 2360 960 2394 firmi-

229 2416 293 2445 tate
325 2412 386 2444 alia
416 2411 588 2451 roboratis,
611 2412 749 2452 statutis,
783 2423 958 2457 eorumque

229 2464 511 2497 reformationibus
541 2469 572 2496 et
603 2464 692 2496 novis
728 2465 957 2506 additionibus,

231 2517 324 2558 stilis,
349 2518 457 2550 usibus
479 2523 510 2550 et
533 2518 837 2558 consuetudinibus,
862 2506 959 2562 privi-

230 2568 322 2612 legiis
351 2580 496 2614 quoque,
522 2570 655 2603 indultis
681 2575 712 2603 et
743 2570 857 2604 litteris
883 2581 958 2614 apo-

1631 191 1689 222 latii

1004 248 1126 279 stolicis
1167 247 1198 279 in
1242 247 1439 280 contrarium
1482 247 1730 290 praemissorum

1003 300 1246 341 quomodolibet
1277 301 1453 338 concessis,
1481 300 1675 332 confirmatis
1701 305 1733 332 et

1003 352 1176 391 innovatis;
1203 353 1318 396 quibus
1351 353 1500 386 omnibus
1526 359 1557 385 et
1582 353 1730 395 singulis,

1002 404 1130 438 illorum
1158 411 1286 439 tenores
1312 407 1537 450 praesentibus
1555 417 1614 449 pro
1635 407 1731 449 plene

1002 463 1032 490 et
1057 458 1255 491 sufficienter
1277 461 1438 502 expressis
1463 471 1499 492 ac
1523 459 1650 492 insertis
1676 460 1732 491 lia-

1000 510 1125 549 bentes,
1153 511 1215 543 illis
1246 512 1324 545 alias
1357 513 1389 544 in
1422 524 1479 545 suo
1513 513 1631 545 robore
1661 523 1733 555 per-

1000 564 1168 603 mansuris,
1184 565 1222 597 ad
1240 566 1492 607 praemissorum
1511 565 1732 603 ess'ectummac

999 614 1066 647 vice
1093 616 1265 652 dumtaxat.
1300 617 1484 660 specialiter
1515 623 1546 650 et
1579 628 1730 660 expresse

1000 667 1211 710 derogamus,
1246 670 1428 713 ceterisque
1461 671 1630 703 contrariis
1663 671 1732 713 qui-

999 719 1210 763 buscumque.

1043 773 1056 815 ‘g'
1082 773 1112 805 5.
1139 773 1292 807 Volumus
1323 780 1428 807 autem
1454 782 1487 808 ut
1511 777 1729 818 praesentium

998 825 1177 859 litterarum
1218 819 1445 870 transumptis,
1471 838 1527 861 seu
1564 830 1729 872 exemplis,

998 880 1091 912 etiam
1117 880 1304 923 impressis,
1332 892 1428 914 manu
1455 882 1587 914 alicuius
1612 883 1729 915 notarii

998 933 1117 974 publici
1143 933 1355 976 subscriptis,
1383 939 1414 966 et
1437 934 1544 977 sigillo
1570 945 1730 977 personae

998 985 1028 1016 in
1048 985 1264 1019 ecclesiastica
1283 986 1438 1029 dignitate
1459 987 1651 1021 constitutae
1668 999 1733 1020 mu-

997 1037 1096 1078 nitis,
1124 1039 1236 1071 eadem
1269 1049 1403 1082 prorsus
1430 1039 1509 1072 fides
1536 1045 1599 1072 tani
1624 1040 1656 1072 in
1685 1040 1731 1072 iu-

998 1090 1082 1123 dicio
1109 1102 1205 1134 quam
1230 1098 1319 1125 extra
1338 1092 1418 1125 illud
1444 1093 1562 1135 ubique
1586 1095 1731 1126 locorum

998 1143 1164 1184 habeatur,
1182 1156 1264 1187 quae
1290 1146 1466 1179 haberetur
1483 1146 1560 1189 ipsis
1581 1157 1734 1189 praesen-

1000 1196 1081 1228 tibus
1113 1197 1138 1229 si
1171 1198 1277 1230 forent
1306 1199 1467 1231 exhibitae
1494 1200 1542 1231 vel
1568 1205 1729 1232 ostensae.

1042 1251 1155 1283 Datum
1181 1252 1308 1293 Romae,
1335 1254 1420 1296 apud
1446 1254 1475 1286 S.
1507 1253 1647 1293 Petrum,
1673 1254 1730 1286 sub

998 1306 1117 1337 annulo
1136 1305 1321 1345 Piscatoris,
1342 1306 1393 1339 die
1407 1307 1510 1339 xmaii
1536 1317 1729 1348 unctixxxut,

998 1356 1203 1399 pontificatus
1226 1359 1329 1390 nostri
1356 1369 1439 1391 anno
1464 1370 1519 1392 vn.

1740 200 1787 225 An.
1806 200 1833 226 Γ..
1858 200 1923 226 1683

1739 815 1874 838 stimptorum.
1912 827 1914 829 -

1034 1417 1091 1444 Dat.
1112 1417 1155 1445 die
1175 1419 1205 1446 lO
1221 1419 1284 1446 maii
1304 1419 1380 1454 1683,
1399 1420 1496 1455 pontif·
1514 1429 1585 1447 anno
1601 1427 1644 1447 vn.

1293 1534 1420 1567 'CXXV

999 1603 1217 1645 Confirmatm·
1241 1605 1401 1638 decretum
1421 1606 1570 1639 ministri
1594 1618 1729 1649 syenem<

1043 1656 1082 1688 lis
1116 1656 1250 1689 Ordinis
1279 1658 1310 1690 S.
1340 1659 1512 1691 Francz'sci
1544 1660 1581 1692 cte
1614 1660 1728 1693 Obser-

1041 1710 1152 1741 vanlia
1176 1710 1262 1742 circa
1286 1710 1523 1753 nbroqalionem
1550 1714 1733 1744 commissa-

1041 1762 1165 1793 riorum
1190 1773 1435 1805 europaeorum,
1463 1769 1490 1796 ε(
1523 1765 1645 1797 izatfces
1676 1777 1733 1808 ap-

1039 1814 1249 1857 pellationum
1273 1826 1332 1858 pro
1354 1817 1530 1858 provinciis
1547 1818 1576 1849 S.
1594 1819 1734 1850 Antonii

1041 1871 1069 1899 et
1091 1867 1312 1910 Conceptionis
1331 1869 1368 1901 B.
1386 1869 1429 1901 M.
1452 1870 1483 1901 V.
1504 1870 1536 1901 in
1553 1871 1699 1902 Brasilin
1713 1871 1732 1904 ¹.

1185 1937 1383 1965 Innocentius
1404 1939 1483 1972 Papa
1503 1940 1551 1966 XI.

1138 1982 1174 2008 ad
1193 1982 1328 2009 futuram
1348 1983 1395 2010 rei
1416 1984 1595 2011 memoriam.

1044 2043 1202 2076 Admonet
1222 2054 1279 2076 nos
1300 2045 1441 2088 suscepti
1467 2056 1542 2079 cura
1566 2046 1733 2089 regiminis
1770 2054 1890 2077 Exordium.

999 2095 1183 2129 Catholicae
1201 2096 1363 2130 Ecclesiae
1388 2109 1447 2141 per
1466 2099 1649 2133 universum
1675 2105 1733 2133 ter-

1033 2184 1046 2210 1
1078 2184 1113 2210 De
1139 2184 1300 2220 quibusdam
1327 2186 1518 2213 controversiis
1544 2187 1570 2213 in
1596 2188 1734 2222 provincia

999 2228 1141 2255 &Antonii
1158 2229 1216 2256 vide
1232 2229 1379 2257 Clementis
1395 2230 1413 2256 Χ
1439 2235 1526 2258 const.
1543 2231 1733 2265 ed.mnctxx11,

1000 2271 1043 2298 die
1061 2272 1091 2299 18
1108 2272 1179 2304 maii,
1195 2277 1268 2308 pont.
1286 2280 1325 2308 111,
1343 2282 1357 2301 a
1372 2282 1424 2310 quo
1442 2274 1567 2302 Pontifice
1582 2280 1671 2303 erecta
1686 2276 1736 2304 suit

1000 2316 1137 2351 provincia
1160 2317 1350 2344 Immaculatae
1371 2319 1559 2354 Conceptionis
1583 2325 1669 2347 const.
1690 2321 1734 2348 ed.

1001 2367 1134 2393 atnctixxv,
1151 2360 1194 2387 die
1212 2361 1323 2394 t5iu1fi,
1342 2366 1415 2397 pont,
1431 2369 1470 2389 vt:
1492 2364 1612 2397 abrogati
1628 2364 1736 2392 suerunt

1001 2404 1180 2431 commissarii
1204 2406 1345 2439 generales
1366 2414 1413 2441 pro
1438 2407 1581 2440 provinciis
1601 2407 1736 2435 indiarum

1001 2448 1177 2475 Orientalium
1197 2450 1222 2474 in
1239 2454 1322 2476 const.
1345 2450 1386 2476 ed.
1403 2457 1555 2483 MDchxxtt,
1576 2452 1619 2478 die
1635 2454 1667 2478 ³23
1687 2453 1736 2479 dc-

1002 2493 1269 2527 cembris,pont.vt1‚
1282 2497 1306 2520 et
1326 2494 1352 2519 in
1372 2495 1737 2526 const.ed‚mnctxxx1=1‚‹tte

1001 2537 1016 2563 3
1036 2536 1198 2571 decembris,
1219 2541 1294 2572 pont.
1315 2544 1379 2571 vttt,
1401 2544 1574 2565 recensentur
1593 2541 1736 2567 nonnullae

1001 2580 1184 2608 ordinationes
1204 2589 1250 2616 pro
1270 2582 1406 2617 provincia
1425 2582 1450 2610 S.
1468 2584 1585 2610 Antonii.

1792 785 1853 806 Putes
1869 788 1923 808 tran-
