2111 3157
18 241 67 269 An.
84 240 113 269 C.
135 238 198 266 1687

783 233 995 259 larzocssnrlt's
1017 235 1047 258 XI
1073 234 1119 257 PP.

206 285 328 319 Cassini
352 285 584 318 iurisdictionis
608 288 755 317 vertente
779 283 861 315 inter
878 292 933 325 pa-

206 342 288 371 trem
309 337 458 371 abbatem
481 342 512 370 et
528 337 706 370 monachos
726 335 840 368 Montis
862 334 934 367 Cas-
974 334 1145 367 nicationis
1160 362 1167 374 ,
1204 334 1425 377 suspensionis
1457 338 1489 366 et
1520 333 1682 366 interdicti
1697 343 1725 374 ,¹

206 389 267 423 sini
292 401 328 423 ex
352 391 414 422 una
438 395 469 423 et
496 390 673 433 capitulum
699 394 730 422 et
760 387 932 420 canonicos

206 443 392 486 collegiatae
409 443 440 476 S.
456 442 603 476 Germani
619 442 760 485 partibus
775 451 811 473 ex
826 441 933 479 altera,

206 496 245 529 de
270 502 302 528 et
325 506 424 539 super
448 496 555 530 dubiis
575 501 606 528 et
625 493 852 528 controversiis
877 502 935 535 per

204 548 290 581 hanc
313 557 436 580 sacram
469 547 759 590 Congregationem
791 545 935 578 eminen-

204 600 401 634 tissimorum
415 600 445 633 S.
466 600 502 633 R.
518 600 552 633 E.
572 599 783 632 cardinalium
798 597 934 639 negotiis

205 659 237 686 et
259 653 548 687 consultationibus
573 652 802 696 episcoporum
827 656 858 682 et
882 660 932 682 re-

203 706 364 749 gularium
396 705 640 749 praepositam,
674 703 820 747 partibus
856 702 933 735 hinc

202 758 278 792 inde
297 758 330 791 in
347 759 429 791 sacto
453 763 484 791 et
507 758 575 790 iure
591 756 851 795 informantibus,
873 755 932 788 sub

203 811 256 845 die
278 820 321 845 xn
345 811 451 844 martii
483 820 641 844 nnccxxvi
669 810 830 842 referente
855 808 933 841 emi-

201 863 393 898 nentissimo
410 862 559 896 Castaldo
577 861 717 895 remissis
743 861 781 893 ad
806 871 932 893 sacrum

202 916 396 950 auditorium
421 916 520 949 Rotae
545 926 604 960 pro
625 915 694 948 eins
715 919 799 954 voto,
820 914 932 947 eadem

201 979 291 1002 sacra
316 968 538 1012 Congregatio,
563 968 637 1001 visis
670 968 773 1000 tribus
799 967 933 1000 decisio-

200 1022 296 1056 nibus
319 1031 380 1066 per
404 1031 528 1055 sacram
545 1021 656 1054 Rotam
681 1023 817 1063 utraque
841 1025 932 1063 parte

199 1075 394 1109 informante
424 1085 531 1108 coram
556 1074 592 1107 R.
623 1075 657 1107 P.
688 1074 723 1106 D.
757 1074 931 1116 Albergato

201 1127 296 1162 editis
321 1128 382 1161 sub
408 1127 520 1161 diebus
542 1138 600 1161 xxx
617 1127 725 1170 aprilis
748 1136 931 1166 nnetxxvn,

199 1191 252 1216 xlv
277 1181 390 1225 aprilis
421 1190 580 1215 MDCLXXD:
615 1186 647 1213 et
679 1190 761 1214 xxvn
797 1179 932 1213 ianuarii

200 1243 370 1272 MDCLxxxI,
388 1233 523 1277 visoque
544 1233 688 1266 eiusdem
705 1242 811 1264 sacrae
834 1232 932 1265 Rotae

201 1290 275 1320 voto
300 1286 472 1329 registrato
490 1287 522 1319 in
540 1287 627 1319 calce
652 1286 784 1318 ultimae
802 1285 934 1318 decisio-

199 1339 250 1372 nis
275 1343 450 1379 emanatae‚
475 1338 623 1372 omnibus
656 1337 853 1370 auditoribus
878 1348 931 1370 vo-

201 1391 353 1431 lantibus,
371 1401 471 1434 reque
491 1396 614 1423 mature
635 1391 789 1429 discussa,
807 1400 932 1423 necnon

199 1443 324 1488 pluries
361 1443 459 1477 citato
485 1448 517 1476 et
539 1443 686 1477 intimato
722 1448 932 1486 procuratore

199 1496 330 1540 capituli
355 1500 387 1529 et
411 1496 639 1530 canonicorum
655 1496 686 1529 S.
707 1495 864 1536 Germani,
884 1507 933 1529 re-

198 1550 325 1583 ferente
358 1550 614 1582 eminentissimo
647 1549 799 1583 Casanate
829 1550 861 1583 in
887 1550 933 1583 lo-

199 1613 270 1636 cum
286 1602 532 1636 eminentissimi
553 1602 689 1636 Castaldi
706 1603 846 1636 absentis
863 1605 933 1636 sub-

198 1661 324 1698 rogato,
348 1655 474 1688 censuit
498 1659 530 1688 et
550 1656 737 1695 declaravit,
764 1656 930 1689 ecclesiam

200 1708 404 1750 collegiatam
429 1707 461 1741 S.
488 1707 636 1741 Germani
661 1719 732 1742 esso
756 1709 930 1742 subiectam

186 1760 356 1809 ¹ecclesiae
370 1759 522 1794 abbatiali
537 1761 650 1794 Montis
669 1761 798 1802 Cassini,
814 1762 932 1795 eidem-

58 2191 190 2213 Confirmatio

11 2218 71 2240 relati
86 2219 172 2240 decretl.

200 1823 262 1857 que
282 1812 441 1846 ecclesiae
465 1813 496 1846 S.
524 1813 687 1855 Germani,
706 1814 859 1858 illiusque
881 1826 932 1848 ca-

198 1866 298 1910 pitulo
316 1870 347 1899 et
363 1866 537 1905 canonicis,
556 1877 652 1910 super
671 1868 859 1910 praemissis
878 1868 927 1901 dn>

197 1918 259 1952 biis
285 1923 316 1952 et
339 1919 580 1959 controversiis,
606 1919 838 1963 imponendum
864 1921 931 1954 fore

200 1976 231 2005 et
244 1981 314 2005 esse
326 1976 523 2015 perpetuum
538 1971 711 2013 silentium,
730 1980 824 2017 prout
840 1985 933 2018 prae-

199 2023 301 2058 sentis
327 2023 447 2058 decreti
472 2025 583 2067 vigore
608 2026 758 2070 imponit.
792 2027 932 2067 Romae,

197 2086 250 2112 xiv
266 2076 452 2110 novembris
470 2087 692 2111 nnchxx1.-
705 2079 741 2113 G.
761 2080 932 2113 cardinalis

199 2129 387 2164 Canrmnus.
406 2130 441 2162 B.
456 2129 674 2172 Pancmricus
690 2133 884 2166 secretarius
899 2146 929 2166 ».

244 2182 259 2226 5
283 2182 314 2215 2.
336 2182 412 2216 Cum
438 2188 553 2223 autem,
579 2183 660 2217 sicut
690 2185 824 2218 dilectus
849 2186 932 2219 silius

201 2240 391 2279 procurator
407 2236 567 2278 generalis
584 2235 849 2280 Congregationis
863 2238 934 2272 Cas-

201 2286 341 2320 sinensis
355 2287 429 2320 dicti
443 2287 569 2321 Ordinis
587 2289 681 2321 nobis
699 2300 802 2333 nuper
816 2292 932 2334 exponi

201 2340 288 2382 fecit,
303 2340 374 2384 ipse
393 2341 557 2375 decretum
581 2342 778 2383 huiusmodi,
797 2355 860 2388 quo
882 2345 934 2377 sir-

202 2393 284 2427 mins
302 2394 462 2434 subsistat,
472 2395 666 2438 apostolicae
684 2396 933 2432 confirmationis

203 2452 332 2481 nostrae
346 2447 465 2482 robore
483 2449 676 2482 communiri
693 2449 865 2493 plurimum
884 2452 935 2485 de-

205 2499 344 2533 sideret:
371 2511 442 2542 nos,
461 2501 563 2544 ipsius
589 2503 811 2545 procuratoris
837 2514 933 2546 gene-

205 2552 283 2586 ralis
304 2553 386 2586 votis
413 2554 519 2587 bacin
540 2564 586 2592 re,
608 2560 763 2598 quantum
787 2566 858 2589 cum
874 2557 933 2590 Do-

205 2605 292 2640 mino
317 2616 509 2649 possumus,
539 2607 757 2642 favorabiliter
789 2619 933 2645 annuere

291 2669 369 2698 Bull.
392 2671 473 2697 Rom.
491 2685 523 2703 ἡ
542 2671 599 2698 Vol.
616 2672 692 2699 XIX.
836 2675 869 2703 9⁶..)

974 283 1127 321 volentes,
1144 292 1280 325 eumque
1302 293 1319 314 a
1344 279 1508 324 quibusvis
1525 290 1707 313 excommu-

975 386 1111 429 aliisque
1137 387 1362 420 ecclesiasticis
1388 386 1566 425 sententiis,
1592 397 1707 419 censu·

976 439 1018 471 ris
1050 444 1081 471 et
1105 440 1243 482 poenis,
1271 450 1288 472 a
1312 439 1381 472 iure
1407 440 1456 472 vel
1480 441 1518 472 ab
1544 439 1676 480 homine
1696 440 1719 481 ‚'

976 490 1086 533 quavis
1113 491 1284 525 occasione
1301 493 1349 525 vel
1375 494 1470 525 causa
1495 492 1575 531 latis,
1594 492 1619 525 si
1638 492 1707 535 qui-

975 544 1034 576 bus
1060 546 1308 587 quomodolibet
1339 546 1511 579 innodatus
1535 546 1650 586 existit,
1667 546 1707 579 ad

976 595 1123 629 effectum
1154 599 1371 641 praesentium
1408 599 1572 633 dumtaxat
1595 609 1707 632 conse-

975 650 1160 692 quendum,
1186 651 1300 684 haruin
1332 652 1415 685 serie
1448 653 1650 686 absolventes
1675 658 1707 686 et

975 701 1158 735 absolutum
1177 703 1242 737 fere
1264 710 1446 743 censentes,
1464 705 1706 748 supplicationi-

974 755 1033 787 bus
1059 756 1127 788 eius
1152 757 1281 790 nomine
1300 757 1390 790 nobis
1404 768 1503 801 super
1521 759 1584 791 hoc
1601 758 1707 791 humi-

975 807 1048 841 liter
1071 810 1231 851 porrectis
1257 810 1411 851 inclinati,
1430 811 1597 844 decretum
1615 822 1706 855 prae-

974 859 1139 901 insertum,
1165 862 1353 895 auctoritate
1378 864 1566 906 apostolica,
1593 870 1705 898 tenore

974 914 1201 955 praesentium,
1227 916 1443 958 approbamus
1477 921 1507 949 et
1537 916 1706 950 confirma-

975 975 1056 1005 mus,
1074 966 1187 1010 illique
1214 967 1404 1002 inviolabilis
1429 969 1625 1013 apostolicae
1654 970 1706 1003 fir-

975 1018 1093 1052 mitatis
1124 1020 1225 1053 robur
1258 1021 1448 1062 adiicimus3
1475 1023 1561 1055 salva
1599 1028 1706 1056 tamen

975 1081 1102 1115 semper
1119 1072 1150 1105 in
1168 1075 1353 1116 praemissis
1379 1076 1569 1109 auctoritate
1591 1086 1707 1109 memou

975 1130 1061 1157 ratae
1085 1124 1353 1169 Congregationis
1379 1128 1602 1162 cardinalium.

1018 1178 1033 1220 ἓ
1056 1177 1085 1211 3.
1114 1179 1331 1213 Decernentes
1362 1182 1491 1214 easdem
1516 1188 1708 1226 praesentes

976 1230 1097 1264 litteras
1115 1242 1245 1275 semper
1268 1233 1387 1274 firmas,
1409 1235 1529 1268 validas
1555 1240 1586 1268 et
1603 1236 1708 1269 effica-

976 1294 1027 1316 ces
1051 1285 1188 1318 existere
1216 1291 1246 1318 et
1270 1286 1353 1327 iore,
1380 1298 1518 1330 suosque
1543 1288 1707 1331 plenarios

977 1341 1008 1369 et
1027 1337 1169 1380 integros
1194 1337 1324 1372 effectus
1356 1341 1464 1373 sortiri
1490 1345 1521 1374 et
1547 1341 1708 1382 obtinere,

976 1398 1012 1420 ac
1036 1388 1110 1429 illis,
1130 1391 1168 1422 ad
1187 1401 1267 1433 quos
1293 1397 1419 1434 spectat
1435 1397 1466 1425 et
1482 1403 1541 1436 pro
1561 1398 1708 1437 tempore

976 1443 1144 1484 spectabit,
1173 1444 1359 1486 plenissime
1395 1445 1587 1488 suffragari,
1614 1452 1645 1480 et
1668 1448 1708 1480 ab

976 1495 1020 1527 eis
1044 1497 1222 1539 respective
1259 1497 1490 1531 inviolabiliter
1515 1500 1706 1543 observari,

975 1547 1084 1591 sicque
1116 1548 1149 1581 in
1181 1550 1366 1592 praemissis
1396 1561 1456 1594 per
1490 1562 1709 1596 quoscumque

975 1601 1095 1634 iudices
1124 1602 1309 1635 ordinarios
1333 1608 1365 1636 et
1399 1604 1586 1647 delegatos,
1613 1606 1710 1648 etiam

975 1665 1140 1687 causarum
1175 1656 1286 1699 palatii
1319 1657 1491 1700 apostolici
1522 1658 1708 1701 auditores,

974 1707 1107 1740 iudicari
1133 1714 1165 1741 et
1194 1708 1320 1742 definiri
1352 1710 1491 1751 debere,
1517 1721 1554 1744 ac
1584 1711 1710 1745 irritum

974 1765 1005 1793 ct
1030 1760 1125 1794 inane
1146 1761 1170 1794 si
1196 1772 1286 1794 secus
1306 1773 1403 1806 super
1422 1763 1473 1796 his
1493 1774 1511 1796 a
1535 1774 1710 1808 quoquam,

974 1814 1083 1858 quavis
1117 1813 1310 1848 auctoritate
1330 1842 1337 1855 ,
1363 1815 1503 1850 scienter
1536 1818 1585 1850 vel
1617 1817 1694 1861 igno

973 1872 1090 1907 muter,
1109 1868 1282 1911 contigerit
1297 1869 1460 1902 attentari.

1018 1922 1034 1962 S
1058 1920 1090 1952 4.
1114 1920 1183 1953 Non
1205 1921 1408 1955 obstantibus
1425 1922 1708 1958 constitutionibus

974 1977 1006 2006 et
1025 1972 1285 2006 ordinationibus
1306 1974 1505 2017 apostolicis,
1525 1976 1707 2020 ceterisque

974 2025 1142 2059 contrariis
1168 2026 1434 2070 quibuscumque.

1018 2079 1130 2112 Datum
1155 2079 1295 2119 Romae,
1322 2081 1406 2123 apud
1439 2080 1470 2114 S.
1496 2082 1627 2115 Mariam
1648 2083 1709 2117 Ma-

975 2132 1085 2172 iorem,
1111 2133 1170 2165 sub
1195 2135 1314 2167 annulo
1349 2134 1531 2175 piscatoris,
1561 2136 1612 2169 die
1643 2147 1708 2172 xxn

974 2186 1081 2219 martii
1115 2195 1329 2227 nochxxvn,
1362 2187 1569 2231 pontificatus
1604 2190 1713 2229 nostri¹

974 2250 1059 2272 anno
1077 2249 1119 2272 xr.

1010 2300 1068 2328 Dat.
1085 2300 1128 2328 die
1144 2300 1177 2335 22
1196 2300 1286 2328 martii
1308 2300 1385 2335 1687,
1405 2301 1586 2341 pontiannno
1601 2310 1643 2343 Μ,

1271 2469 1420 2503 CLXXX.v

980 2561 1133 2603 Eriqz'tur
1168 2556 1339 2601 colleqium
1374 2554 1558 2589 studiorum
1589 2554 1626 2587 in
1649 2564 1716 2588 mo-

1025 2612 1167 2647 nasici-io
1184 2612 1216 2646 S.
1237 2610 1341 2645 Pauli
1359 2613 1452 2644 extra
1471 2609 1599 2642 moenia
1621 2608 1714 2642 Urbis

1611 223 1673 256 7029
1719 233 1766 258 An.
1780 232 1810 259 c.
1834 231 1898 258 1687

1746 1189 1865 1211 Clausulas.

1770 1928 1904 1959 obstantium

1719 1958 1816 1977 romulu).
