2111 3157
0 245 39 272 lu.
56 243 82 272 C.
107 244 182 273 1680

184 302 265 333 mus,
288 294 459 326 rationabile
481 295 588 326 idcirco
610 296 771 327 iudicamus
786 301 828 335 ut,
845 298 919 336 quod

183 343 301 381 regulae
328 344 444 374 ieiuniis
472 345 632 376 detractum
663 349 722 384 est,
745 346 811 376 aliis
832 346 921 375 absti-

184 392 292 421 nentiis
314 393 496 431 aliquatenus
518 403 748 433 compensemus.

223 448 254 469 11.
278 439 419 470 Omnibus
448 450 516 479 ergo
538 441 775 479 Congregationis
803 445 919 470 nostrae

185 488 333 518 monachis
356 492 384 518 et
405 489 567 519 commissis
594 489 792 526 iniungimus,
815 492 847 518 ut
869 497 919 527 per

185 540 276 566 totum
299 545 406 566 annum
422 536 635 566 ieiunentseria
657 538 737 566 sexta
759 537 789 566 in
811 546 919 566 memo-

185 583 259 614 riam
281 588 309 613 et
330 584 524 614 reverentiam
546 584 692 614 Passionis
714 583 839 622 Christi,
863 584 918 614 nisi

186 632 259 661 sorte
280 641 313 661 eo
335 631 382 661 die
405 632 495 661 festus
517 631 579 662 dies
611 633 681 662 adeo
709 633 848 662 solemnis
870 641 917 661 oc-

186 679 361 714 currererit,
385 680 433 718 qui
462 680 536 709 hanc
566 680 668 710 ieiunii
690 681 783 718 legem
806 680 918 709 solvere

186 727 314 757 suadeat.
328 728 565 758 Resectiuneulae
574 729 719 758 serotinae
730 729 838 758 aestivo
848 733 918 758 tem-

186 785 255 816 pore
276 776 388 806 fructus
403 777 516 816 aliquos
538 777 604 807 addi
624 787 706 816 posse
721 777 915 815 indulgemus.

226 823 269 863 (b)
292 833 323 854 111
362 825 402 854 Ab
431 825 518 854 idibus
544 826 711 864 septembris.
743 825 918 863 Intelligitur

186 872 343 909 exclusive,
367 876 451 911 prout
472 872 668 902 declarabitur
689 873 718 902 in
741 873 868 911 capitulo
884 873 918 902 de

187 929 273 959 opere
295 929 433 950 manuum
458 921 636 960 quotidiano,
653 930 740 960 super
765 920 853 951 verbo
875 931 918 950 us-

187 979 238 1008 que
260 969 294 998 ad
315 969 442 998 kalendas
466 970 588 999 octobris.

228 1017 268 1054 (c)
289 1024 327 1046 lv,
353 1017 440 1056 Usque
462 1018 497 1047 ad
522 1023 601 1057 caput
625 1017 862 1057 Quadragesimae,
884 1018 918 1047 ad

188 1073 287 1093 nonam
308 1075 413 1104 semper
434 1067 557 1105 reficiant
578 1068 688 1105 fratres.
714 1067 918 1106 Dispensamus

188 1117 285 1142 autem
307 1114 336 1143 in
358 1114 549 1154 infrascriptis
576 1115 677 1146 diebus
700 1120 817 1155 propter
839 1125 918 1145 reve-

189 1161 313 1191 rentiam
337 1162 565 1201 solemnitatum,
588 1164 616 1193 in
641 1164 712 1194 sesto
734 1164 761 1194 S>
784 1164 917 1193 Matthaei

190 1209 323 1247 apostoli,
348 1210 540 1241 Dedicationis
561 1212 589 1241 S.
613 1211 758 1241 Michaelis
773 1235 780 1248 ,
803 1212 831 1241 S.
856 1212 918 1241 Pla-

190 1256 267 1294 cidi,
298 1257 326 1287 S.
358 1258 484 1288 Iustinae
515 1259 550 1288 de
582 1259 697 1297 Padua,
732 1260 760 1289 S.
792 1260 915 1298 Luciae,

189 1304 233 1334 Ss.
257 1305 380 1336 Simonis
409 1311 436 1336 et
457 1307 554 1343 iudae,
578 1307 714 1338 Omnium
735 1308 916 1346 Sanctorum,

190 1352 219 1382 S.
242 1352 376 1391 Martini,
406 1355 534 1385 omnium
556 1356 641 1385 etiam
667 1356 836 1386 Sanctorum
860 1366 919 1387 mo-

189 1401 367 1439 nachorum,
391 1401 418 1432 S.
445 1403 575 1433 Andreae
604 1404 734 1442 (quando
756 1405 918 1434 celebratur

191 1452 269 1478 extra
292 1449 481 1489 Adventum),
504 1451 667 1481 Nativitatis
689 1452 798 1482 domini
827 1454 917 1483 nostri

191 1496 255 1526 Iesu
276 1497 380 1528 Christi
402 1508 466 1528 cum
490 1499 582 1529 tribus
597 1501 783 1539 sequentibus
805 1501 916 1539 diebus,

190 1544 426 1576 Circumcisionis
449 1547 551 1586 ipsius,
575 1548 750 1587 Epiphaniae
765 1549 838 1585 eius,
855 1559 920 1578 san-

192 1593 230 1623 cti
252 1594 354 1632 Mauri,
377 1595 406 1625 S.
430 1596 551 1626 Antonii
569 1596 920 1633 abbatiS,Purificati011is

192 1641 294 1672 Beatae
325 1643 430 1673 Mariae
462 1644 612 1683 Virginis,
646 1646 674 1675 S.
703 1646 918 1681 scholasticae,

192 1691 220 1721 S.
244 1691 366 1721 Mathiae
394 1697 473 1722 extra
500 1693 770 1731 Quadragesimam,
794 1699 824 1723 ut
846 1695 920 1724 tituli

192 1738 265 1769 loci:
289 1739 408 1778 insuper
430 1741 534 1777 etiam,
558 1745 586 1770 ut
610 1742 713 1771 fratres
736 1742 827 1771 nostri
849 1743 922 1771 ulte-

192 1788 253 1817 rius
274 1787 443 1818 incumbant
463 1789 507 1818 his
528 1793 556 1818 et
577 1789 641 1818 aliis
664 1789 844 1827 regularibus
875 1790 921 1819 ob-

193 1836 368 1874 servantiis,
397 1837 580 1866 concedimus
611 1838 745 1875 praelatis
776 1838 920 1867 licentiam

193 1883 380 1922 dispensandi
403 1885 487 1914 tertia
503 1889 530 1914 et
551 1887 654 1923 quarta
676 1886 748 1914 seria
770 1886 921 1915 cuiuslibet

194 1930 400 1961 hebdomadae.
424 1931 533 1967 Quibus
555 1932 722 1972 impeditis,
747 1934 922 1972 dispensatio

194 1979 275 2009 cedat
296 1980 325 2010 in
348 1980 435 2010 alium
458 1980 546 2010 diem.

233 2037 260 2058 v.
285 2029 317 2058 Et
339 2029 406 2058 licet
427 2029 607 2068 experientia
628 2029 713 2066 docti,
731 2039 804 2069 quae
826 2040 922 2060 rerum

194 2077 329 2114 magistra
352 2081 405 2115 est,
429 2081 525 2116 aperte
548 2087 765 2115 cognoscamus,
789 2079 863 2117 quod
882 2080 925 2109 ni-

194 2126 250 2155 mia
272 2126 485 2155 recreationum
508 2126 646 2156 relaxatio
670 2127 764 2166 potius
790 2128 924 2157 distrahit

193 2177 221 2202 et
242 2178 371 2209 enervat,
395 2184 481 2212 quam
504 2179 614 2204 recreet
629 2179 656 2204 et
675 2175 842 2214 proficiendi
865 2186 924 2205 ma-

194 2222 295 2251 teriam
322 2222 541 2260 subministret,
566 2227 659 2253 tamen
689 2224 849 2254 infirmitati
872 2225 924 2254 hu-

195 2278 295 2299 manae
317 2270 513 2308 consulentes,
538 2271 680 2309 praelatos
704 2271 870 2307 hortamur,
896 2277 924 2302 ut

195 2326 245 2356 per
267 2318 375 2356 aliquot
405 2318 466 2347 dies
499 2323 564 2347 ante
587 2319 772 2355 Adventum,
797 2320 922 2359 itemque

195 2374 245 2404 per
260 2366 368 2404 aliquot
384 2366 480 2404 plures
498 2367 559 2396 dies
578 2371 642 2396 ante
657 2368 922 2407 Quadragesimam,

194 2413 251 2443 sint
281 2423 348 2451 erga
385 2415 485 2443 fratres
514 2414 543 2443 in
573 2416 802 2445 recreationibus
833 2420 861 2446 et
894 2417 923 2446 in

194 2470 260 2490 esus
282 2462 410 2491 carnium
439 2463 652 2501 dispensatione
681 2464 770 2502 (quod
796 2464 924 2503 ipsorum

194 2509 360 2540 discretioni
377 2511 598 2549 committimus)
613 2511 759 2550 aliquanto
774 2512 925 2551 indulgen-

195 2557 292 2595 tiores,
317 2559 403 2588 vitato
426 2568 559 2597 excessu,
583 2564 736 2598 quatenus,
760 2561 923 2591 huiusmodi

194 2606 371 2636 relaxatione
392 2608 569 2646 praemissa,
593 2608 716 2639 alacrius
743 2609 923 2647 postmodum

768 250 981 274 INNOCENTIUS
1002 252 1033 274 XI
1059 252 1106 275 1³1³.

961 303 1045 337 atque
1061 298 1218 329 ferventius
1241 298 1369 330 debitum
1384 308 1452 330 suae
1468 300 1616 330 servitutis
1632 311 1697 340 per-

960 346 1090 384 solvant,
1115 351 1142 376 et
1164 355 1215 385 per
1246 348 1420 378 monasteria
1452 347 1696 387 Congregationis

961 394 1143 424 uniformitas
1165 395 1346 426 observetur.

1000 443 1042 481 (d)
1066 452 1102 472 vr.
1128 444 1160 472 In
1183 443 1397 482 ΩιιαιίιϊιῃεείιηάΥ
1418 455 1501 483 usque
1523 447 1557 475 ad
1578 446 1694 481 Pascha,

960 491 994 519 ad
1017 501 1153 529 vesperam
1168 502 1273 531 semper
1294 494 1429 531 reficiant.
1453 495 1512 524 Hoc
1533 494 1696 532 Quadrage-

960 539 1050 568 simae
1076 544 1215 578 tempore,
1239 540 1278 570 ita
1300 541 1493 580 disponantur
1514 543 1612 573 divina
1634 544 1697 573 osli·

960 587 1015 624 cia,
1039 590 1070 617 ut
1091 587 1161 617 horti
1177 588 1212 618 ab
1229 588 1359 619 Ecclesia
1377 592 1553 630 praescripta
1569 601 1695 622 conven-

960 639 1005 664 tus
1028 636 1184 666 reficiatur.

999 688 1038 726 (e)
1061 698 1110 718 vu.
1136 689 1203 719 Cum
1226 690 1286 719 luce
1307 692 1396 720 omnia
1410 692 1485 730 siant.
1501 692 1571 727 Quia
1587 694 1697 724 nostris

959 736 1137 775 temporibus
1160 737 1422 768 ecclesiasticorum
1445 740 1606 769 officiorum
1622 742 1695 770 sole-

959 784 1096 814 mnitates
1115 785 1154 814 ita
1176 789 1278 814 auctae
1299 790 1378 822 sunt,
1396 790 1427 816 ut
1443 787 1547 816 hiemis
1563 792 1695 827 tempore

958 833 1075 862 coenari
1098 842 1154 862 non
1178 834 1266 872 possit
1289 838 1355 863 ante
1378 835 1447 864 solis
1463 844 1613 873 occasum,
1631 837 1696 865 abs-

958 890 1014 920 que
1036 882 1189 911 manifest-:2
1211 882 1386 912 valetudinis
1416 883 1544 912 laesione
1558 908 1565 921 ‚
1589 889 1637 921 et,
1669 886 1694 915 si

958 929 1136 959 voluerimus
1165 930 1330 959 divinorum
1361 931 1584 960 celebrationem
1608 932 1696 961 nimis

959 978 1129 1016 tempestive
1153 977 1316 1016 persolvere
1332 1002 1339 1015 ,
1362 978 1390 1007 id
1414 978 1477 1008 sieri
1507 988 1564 1008 non
1589 981 1695 1017 poterit

958 1024 1067 1063 absque
1090 1025 1218 1055 fidelium
1249 1026 1461 1063 admiratione,
1485 1031 1636 1065 propterea
1659 1028 1694 1057 ab

958 1072 1070 1102 abbatis
1093 1073 1251 1112 prudentia
1273 1073 1395 1112 pendeat
1417 1075 1555 1113 temporis
1577 1076 1696 1104 canoni-

959 1130 1058 1150 carum
1081 1122 1218 1151 horarum
1249 1126 1277 1152 et
1299 1122 1465 1152 resectionis
1488 1132 1613 1161 congrua
1636 1123 1698 1153 ‹iis-

958 1170 1073 1208 positio.

1702 254 1751 281 An.
1771 253 1799 280 C.
1823 255 1891 283 10⁸0

1017 1235 1113 1265 CAPUT
1136 1236 1217 1265 XLII.
1238 1254 1275 1258 —
1297 1236 1330 1266 Ut
1349 1240 1409 1275 post
1430 1237 1635 1276 completorium.

1208 1293 1284 1313 nemo
1306 1284 1443 1322 loquatur.

1002 1344 1139 1377 Omnino
1166 1350 1311 1388 tempore
1338 1347 1458 1379 silentii
1484 1347 1604 1380 debent
1629 1353 1695 1380 stu·
1731 1362 1778 1382 rm«
1799 1368 1886 1383 cannam

960 1398 1035 1430 dere
1061 1398 1222 1438 monachi,
1240 1399 1375 1431 maxime
1402 1404 1508 1432 tamen
1527 1390 1887 1439 nocturnis{l}‘.fl‘{s“'⁰'103l'.¹.'.'']

960 1451 1057 1490 horis,
1077 1456 1108 1483 et
1132 1451 1204 1483 ideo
1230 1451 1317 1484 omni
1344 1457 1501 1494 tempore,
1524 1453 1590 1484 sive
1615 1444 1887 1492 iau-1933..'altisalt-

1705 1494 1741 1513 dat
1775 1494 1887 1518 coi-upton,-

961 1502 1015 1542 nii,
1037 1503 1102 1535 sive
1128 1503 1266 1545 prandii,
1284 1503 1309 1536 si
1334 1509 1461 1546 tempus
1481 1504 1579 1537 suerit
1599 1515 1817 1547 plan-imaqun
1830 1520 1887 1539 nuno

962 1556 1016 1595 dii,
1045 1556 1103 1597 (a)
1129 1566 1201 1588 mox
1216 1583 1223 1596 ,
1251 1561 1284 1588 ut
1310 1556 1507 1589 surrexerint
1530 1567 1548 1589 a
1572 1552 1765 1596 cocnzi‚”⁰¹”⁰
1781 1546 1887 1572 '‘mmm‘'

961 1608 1094 1640 sedeant
1119 1618 1232 1640 omnes
1257 1609 1289 1640 in
1314 1620 1423 1648 unum,
1446 1614 1477 1642 et
1500 1610 1588 1652 legat
1611 1620 1693 1641 umis

961 1661 1150 1693 collationes
1176 1663 1224 1694 vol
1249 1662 1328 1694 vitas
1354 1662 1504 1702 Patrum,
1529 1668 1582 1695 aut
1606 1667 1694 1695 certe

962 1713 1082 1755 aliquid
1108 1714 1195 1755 quod
1232 1713 1380 1747 aedificet
1414 1714 1602 1754 audientes,
1628 1724 1695 1746 nou

963 1770 1069 1797 autem
1095 1765 1305 1808 heptaticum¹
1331 1772 1385 1798 aut
1408 1777 1531 1808 regum,
1556 1766 1630 1809 quia
1647 1766 1696 1798 in-

963 1816 1061 1849 firmis
1093 1818 1309 1850 intellectibus
1342 1829 1407 1851 non
1444 1819 1506 1851 erit
1537 1819 1616 1851 utile
1643 1819 1697 1852 illa

964 1870 1044 1901 hora
1061 1870 1144 1901 hanc
1161 1870 1356 1913 scripturam
1374 1871 1508 1911 audire3
1531 1871 1602 1904 aliis
1619 1879 1695 1904 vel‘o

965 1923 1071 1961 horis,
1105 1923 1273 1964 legantur:
1299 1923 1324 1955 si
1349 1929 1456 1956 autem
1491 1923 1602 1956 ieiunii
1628 1924 1699 1956 dies.

964 1974 1071 2013 suerit,
1099 1974 1183 2007 dicta
1207 1977 1352 2017 vespera,
1381 1986 1479 2018 parvo
1503 1976 1696 2015 intervallo,

964 2037 1035 2059 mox
1062 2027 1214 2059 accedant
1232 2027 1270 2059 ad
1295 2028 1467 2060 lectionem
1492 2033 1526 2059 ut
1550 2027 1697 2066 diximus,

965 2085 996 2112 et
1014 2080 1104 2112 lectis
1130 2085 1267 2122 quatuor
1291 2086 1345 2112 aut
1369 2081 1514 2123 quinque
1534 2079 1630 2120 soliis,
1648 2081 1698 2113 vel

965 2138 1119 2174 quantum
1147 2132 1227 2164 liora
1248 2132 1413 2174 permittit,
1432 2133 1582 2165 omnibus
1607 2133 1640 2165 in
1664 2144 1698 2165 u-

966 2195 1042 2216 num
1068 2185 1336 2217 concurrentibus
1369 2195 1427 2227 per
1458 2185 1540 2218 hanc
1573 2196 1698 2219 moram

966 2237 1122 2275 lectionis,
1139 2237 1163 2269 si
1178 2238 1249 2279 quis
1268 2238 1350 2270 sorte
1368 2237 1527 2279 assignato
1541 2238 1600 2271 sibi
1619 2249 1699 2271 com-

966 2289 1062 2322 misso
1082 2290 1176 2321 suerit
1195 2295 1378 2333 occupatus,
1397 2296 1563 2330 occurrat3
1584 2301 1697 2324 omncs

965 2352 1041 2384 ergo
1066 2342 1099 2373 in
1123 2353 1222 2374 unum
1240 2341 1350 2385 positi,
1371 2344 1559 2385 compleant,
1587 2343 1640 2386 (h)
1667 2349 1699 2376 et

966 2400 1120 2427 exeuntes
1147 2405 1163 2426 a
1188 2394 1415 2436 completorio,
1433 2396 1522 2427 nulla
1541 2395 1581 2427 sit
1597 2396 1698 2428 licen-

967 2448 1007 2479 tia
1033 2447 1139 2479 denuo
1164 2447 1311 2490 cuiquam
1335 2447 1426 2490 loqui
1451 2448 1584 2491 aliquid.
1608 2448 1697 2486 Quod

966 2500 992 2532 si
1009 2499 1158 2532 inventus
1182 2499 1278 2532 suerit
1295 2499 1464 2542 quisquam
1481 2501 1697 2543 praevaricari

966 2553 1048 2585 hanc
1065 2553 1292 2585 taciturnitatis
1310 2554 1462 2596 regulam,
1478 2553 1616 2595 graviori
1634 2554 1700 2586 viu-

1003 2617 1012 2641 1
1036 2615 1135 2642 Forsan
1155 2615 1295 2649 legendum
1315 2616 1533 2642 hevtateuchmn
1554 2617 1592 2649 (n.
1609 2616 1658 2644 T.)-
