2111 3157
0 233 24 253 n.
46 224 76 254 C.
93 224 160 252 1670

13 1019 122 1046 Exposita,
137 1022 159 1042 ot

0 1049 58 1067 iuno.

746 222 958 248 innociznrius
980 224 1009 246 xi
1035 223 1083 247 rr).
1568 209 1632 243 ⁶207
1678 220 1726 245 An.
1748 218 1776 246 c.
1796 218 1861 245 ¹579

163 283 243 312 rem,
263 271 321 305 sub
347 274 467 306 annulo
485 272 671 312 Piscatoris,
692 272 743 304 die
760 281 828 304 xxxi
850 271 893 302 iu-
912 272 916 340 ἰ
936 281 1006 303 rum
1031 270 1279 313 Congregationi
1297 269 1500 313 privilegium
1521 273 1672 301 centena-

163 325 198 358 lii
236 335 413 365 MDCLXXIX‚
451 324 656 368 pontificatus
698 324 804 356 nostri
840 333 895 354 an-

164 387 205 410 no
229 387 278 411 111.

197 437 257 465 Dat.
278 437 321 466 die
341 438 370 466 31
393 437 450 465 iulii
470 438 548 471 1679,
569 437 663 473 pontif.
683 445 753 463 anno
775 443 815 462 ιη,

478 578 581 611 LXXI.

168 658 359 693 Conceditur
400 657 613 700 privileqium
661 655 894 699 praescriptio-

209 711 261 743 nis
281 713 481 742 centenariae
504 709 667 741 canonicis
691 708 898 748 regmlarz'bus

209 763 241 796 S.
269 763 405 796 Ioannis
439 762 666 805 Euangyelistae
701 761 736 793 in
761 760 895 793 Lusita-

210 816 296 849 nia¹.

355 894 549 922 Innocentius
568 894 648 928 Papa
667 894 713 927 XI,

303 942 337 966 ad
359 940 491 966 futuram
514 940 559 966 rei
579 940 761 965 memoriam.

211 1011 226 1054 ξ
247 1010 277 1043 1.
302 1011 362 1043 Pro
376 1016 466 1053 parte
483 1009 672 1042 dilectorum
692 1008 830 1042 tiliorum
852 1018 901 1041 ca-

168 1064 361 1097 nonicorum
397 1063 595 1105 regularium
635 1062 900 1104 Congregationis

168 1116 198 1149 S.
210 1116 337 1149 Ioannis
351 1115 571 1158 Evangelistae
585 1115 617 1147 in
632 1115 793 1147 Lusitania
809 1115 901 1147 nobis

168 1180 274 1212 nuper
298 1169 479 1212 expositum
507 1169 576 1207 suit,
603 1169 689 1211 quod
716 1169 923 1207 dudum‚eo·

171 1227 315 1265 tempore
351 1233 415 1265 quo
447 1221 661 1263 Congregatio
705 1220 902 1253 Cassineilsis

170 1275 402 1307 monachorum
439 1273 566 1306 Ordinis
600 1273 701 1306 sancti
738 1273 901 1305 Benedicti

171 1327 339 1359 fruebatur
372 1326 497 1358 indulto
532 1325 711 1368 apostolico
732 1330 766 1356 ut
792 1331 903 1357 contra

170 1380 272 1422 ipsam
306 1390 372 1412 non
408 1384 556 1411 curreret
590 1379 804 1422 praescriptio
841 1378 901 1410 uisi

169 1437 242 1474 post
265 1432 389 1475 lapsum
415 1432 581 1473 sexaginta
605 1442 777 1471 annorum,
800 1431 902 1463 felicis

169 1484 407 1517 recordationis
443 1485 559 1517 Paulus
594 1485 678 1527 Papa
702 1484 739 1516 lll
771 1485 905 1527 praede-

170 1547 281 1569 cessor
316 1543 443 1576 noster,
488 1537 759 1569 communicando
798 1537 902 1569 dictae

170 1588 415 1631 congregationi
433 1589 464 1621 S.
487 1589 613 1622 loannis
631 1589 852 1631 Evangelistae
872 1589 902 1621 in

170 1641 332 1674 Lusitania
356 1641 524 1684 privilegia
547 1642 709 1684 praefatae
726 1642 904 1684 Congrega-

170 1693 267 1726 tionis
284 1693 495 1730 Cassinensis,
515 1694 763 1726 communicavit
777 1704 902 1736 expres-

170 1755 204 1778 se
228 1745 313 1779 inter
337 1752 445 1779 cetera
468 1747 672 1788 privilegium
698 1747 900 1789 praefatum:

169 1803 203 1831 et
227 1798 300 1842 quia
324 1800 509 1841 praedictus
534 1799 652 1832 Paulus
673 1800 903 1842 praedecessor

169 1851 418 1884 communicavit
442 1862 507 1884 non
531 1853 635 1884 solum
660 1852 829 1894 privilegia
854 1863 905 1884 us-

170 1914 232 1947 que
272 1910 347 1937 tunc
385 1915 552 1944 concessa,
587 1915 698 1937 verum
736 1905 832 1936 etiam
870 1905 902 1937 in

168 1963 334 2000 posterum
359 1958 570 1989 concedenda
594 1958 695 1990 dictae
720 1958 903 1999 Congrega-

169 2009 248 2042 tioni
266 2009 447 2042 Cassinensi
464 2009 558 2042 etiam
572 2020 631 2052 per
648 2010 778 2043 modum
798 2015 904 2043 exten-

169 2062 286 2101 sionis,
317 2061 499 2095 Cassinensi
525 2069 630 2095 autem
654 2063 901 2105 Congregationi

168 2114 252 2148 idem
278 2114 393 2147 Paulus
417 2115 650 2157 praedecessor
674 2115 838 2148 concessit
857 2116 904 2147 in-

169 2168 291 2201 dultum
310 2167 525 2206 centenariae,
541 2178 595 2200 seu
610 2168 902 2210 praescriptionem

167 2221 332 2263 sexaginta
352 2231 510 2253 annorum
531 2220 675 2252 extendit.
692 2221 731 2252 ad
752 2227 900 2261 centum3

167 2272 264 2306 iidem
289 2278 490 2316 exponentes
515 2273 690 2315 plurimum
713 2272 862 2316 cupiant²
886 2284 902 2305 a

167 2325 261 2358 nobis
287 2325 454 2365 declarari,
481 2331 667 2368 competere
696 2326 790 2358 etiam
816 2325 902 2368 ipso-

203 2422 212 2448 1
237 2421 273 2449 De
302 2421 396 2449 horum
422 2420 632 2456 (Iongregatione
652 2421 710 2447 vide
730 2421 903 2449 Constitutio-

167 2474 239 2500 nem‚
255 2475 323 2502 quae
337 2466 430 2502 incipit
448 2467 566 2500 Emponi
580 2466 658 2493 nobis
674 2468 743 2501 (sup
755 2475 813 2501 pag.
830 2467 902 2501 143);

166 2510 199 2537 ad
221 2519 283 2538 vero
304 2511 364 2538 facti
384 2512 589 2544 intelligentiam
610 2511 668 2538 vide
689 2511 762 2538 t’auti
781 2511 815 2538 ΙΙΙ
830 2511 901 2539 Con-

167 2555 223 2582 stit.
240 2563 311 2590 quae
330 2555 424 2589 incipit
445 2555 623 2587 Beniqnilas.

202 2598 218 2627 2
237 2599 329 2635 Aptius
344 2599 402 2634 lege
422 2599 541 2634 cupiunt
559 2600 597 2634 (a.
617 2599 665 2634 τ,).

937 323 1016 362 riae,
1055 323 1115 361 vel,
1143 328 1299 365 quatenus
1325 333 1405 365 opus
1437 321 1487 361 sit,
1522 321 1561 354 de
1587 330 1669 354 novo

937 376 1081 415 concedi,
1108 381 1142 407 ut
1167 377 1209 407 ita
1240 375 1273 407 in
1309 381 1476 418 posterum
1513 385 1673 417 occupan-

938 428 1016 460 tium
1042 428 1200 470 iniquitati
1226 428 1385 460 obvietur.
1417 427 1515 460 Nobis
1539 433 1673 470 propte-

938 491 993 512 rea
1033 481 1200 513 humiliter
1235 480 1412 522 supplicari
1449 480 1594 512 fecerunt
1639 484 1675 511 ut

939 531 999 564 sibi
1025 532 1056 564 in
1081 533 1267 575 praemissis
1293 538 1474 575 opportune
1503 532 1674 574 providere

939 591 969 617 ct
994 591 1029 617 ut
1052 586 1135 617 intra
1161 585 1331 627 indulgere
1358 585 1396 617 de
1422 585 1623 627 benignitate
1644 595 1675 616 a·

939 638 1099 680 postolica
1124 637 1342 678 dignaren‘mr.

983 690 997 732 ἓ
1015 689 1045 722 ’2.
1064 690 1126 722 Nos
1147 682 1254 731 igitur,
1274 689 1361 731 ipsos
1383 694 1583 731 exponentes
1605 700 1675 732 spe-

939 743 1074 775 cialibus
1112 742 1274 774 t'avoribus
1306 747 1338 773 et
1374 742 1484 783 gratiis
1520 742 1674 784 prosequi

940 796 1096 834 volentes,
1123 799 1152 826 et
1178 804 1290 826 eorum
1317 793 1495 835 singulares
1520 803 1675 836 personas

941 860 956 879 a
979 848 1145 890 quibusvis
1171 846 1523 884 excommunicationis,
1542 855 1676 888 suspen-

941 901 1039 938 sionis
1054 907 1085 933 et
1101 900 1276 938 interdicti,
1291 899 1427 941 aliisque
1447 897 1675 930 ecclesiasticis

941 953 1124 992 sententiis,
1163 952 1306 985 censuris
1333 957 1364 983 et
1398 951 1525 994 poenis,
1563 961 1580 982 a
1608 950 1677 982 iure

942 1008 989 1039 vel
1023 1007 1062 1038 ab
1095 1006 1236 1045 homine,
1273 1005 1384 1047 quavis
1418 1003 1589 1037 occasione
1627 1004 1677 1036 vel

942 1062 1035 1092 causa
1059 1059 1142 1098 latis,
1168 1059 1192 1091 si
1219 1058 1336 1101 quibus
1362 1057 1608 1100 quomodolibet
1632 1056 1679 1088 in-

943 1114 1081 1145 nodatae
1109 1112 1259 1150 existunt,
1284 1111 1322 1142 ad
1348 1109 1494 1143 enectum
1526 1119 1679 1152 praesen-

943 1167 1021 1198 tium
1060 1166 1223 1198 dumtaxat
1247 1163 1536 1206 consequendum,
1563 1163 1679 1195 harum

944 1219 1026 1252 serie
1052 1219 1256 1251 absolventes
1282 1222 1314 1250 et
1337 1217 1498 1249 absolutas
1523 1216 1588 1248 sore
1606 1225 1681 1248 cen-

945 1278 1065 1310 sentes,
1093 1270 1278 1304 huiusmadi
1311 1268 1600 1312 supplicationibus
1632 1268 1680 1300 in-

945 1325 1068 1362 clinati,
1088 1325 1126 1356 de
1144 1322 1375 1356 venerabilium
1401 1322 1534 1353 fratrum
1555 1325 1682 1353 nostro-

945 1388 1015 1409 rum
1041 1377 1071 1409 S.
1096 1376 1132 1408 Ρι.
1156 1376 1189 1408 E.
1212 1374 1443 1413 cardinalium,
1462 1373 1594 1406 Concilii
1614 1373 1681 1405 Tri-

946 1429 1067 1463 dentini
1103 1429 1331 1471 interpretum,
1366 1426 1421 1469 qui
1456 1425 1682 1468 primodictam

946 1481 1248 1523 Congregationem,
1286 1479 1447 1512 stantibus
1483 1477 1680 1521 praemissis,

947 1535 1031 1566 dicto
1057 1533 1227 1576 privilegio
1264 1542 1330 1564 non
1363 1530 1512 1572 indigere
1545 1540 1682 1562 censue-

947 1592 1027 1624 runt,
1054 1586 1200 1625 consilio,
1226 1585 1330 1617 eidem
1356 1583 1608 1624 congregationi
1633 1593 1684 1614 ea-

947 1639 1137 1671 nonicorum
1174 1637 1373 1680 regularium
1415 1635 1517 1668 sancti
1553 1635 1682 1668 loannis

947 1693 1167 1735 liraugelistae
1206 1692 1238 1723 in
1277 1690 1440 1723 Lusitania
1479 1688 1682 1731 privilegium

946 1745 1151 1777 centenariae
1166 1743 1409 1787 prascriptionis
1424 1741 1618 1779 huiusmodi,
1635 1741 1683 1772 iis-

947 1799 1017 1829 dem
1045 1798 1176 1829 omnino
1201 1796 1296 1827 modo
1315 1800 1346 1827 et
1367 1795 1466 1826 forma
1489 1793 1605 1836 quibus
1635 1803 1684 1824 su-

947 1850 1108 1892 [undictac
1147 1847 1401 1889 Congregationi
1439 1845 1622 1878 Cassinensi
1665 1856 1683 1877 a

947 1907 1123 1935 memorato
1148 1901 1246 1933 Paulo
1271 1900 1527 1943 praedecessore
1553 1908 1684 1930 conces-

947 1966 1016 1987 sum
1043 1955 1108 1994 suit,
1135 1953 1324 1986 auctoritate
1349 1951 1539 1994 apostolica,
1568 1956 1682 1983 tenore

946 2007 1177 2050 p=·a‹3÷scntiuin,
1203 2004 1432 2038 concedimus:
1459 2005 1545 2037 salva
1576 2009 1683 2036 tamen

947 2071 1072 2103 semper
1098 2060 1128 2091 in
1161 2058 1348 2101 praemissis
1385 2057 1576 2089 auctoritate
1601 2055 1683 2089 Con-

947 2113 1143 2156 gregatiouis
1168 2111 1358 2144 eorumdem
1382 2110 1606 2143 cardinalium.

989 2168 1003 2207 ς]
1028 2166 1059 2198 3.
1092 2165 1310 2197 Decernentes
1336 2162 1467 2194 easdem
1493 2166 1682 2204 praesentes

946 2219 1066 2251 litteras
1080 2226 1211 2260 semper
1224 2215 1342 2254 firmas
1358 2214 1478 2246 validas
1492 2219 1523 2246 ct
1537 2214 1681 2246 efficaces

945 2273 1083 2305 existere
1109 2275 1141 2303 ct
1166 2270 1258 2307 sore,
1285 2277 1424 2309 suosque
1456 2266 1620 2309 plenarios
1651 2271 1683 2298 et

945 2325 1087 2367 integros
1112 2322 1243 2355 ell‘ectus
1270 2319 1377 2352 sortiri
1403 2324 1435 2352 et
1460 2319 1619 2359 obtinere,
1647 2329 1684 2351 ac

946 2378 1031 2416 illis,
1070 2377 1107 2409 ad
1134 2385 1214 2418 quos
1240 2378 1366 2416 spectat
1397 2377 1428 2404 et
1451 2382 1510 2415 pro
1534 2378 1681 2415 tempore

943 2430 1112 2474 spectabit,
1131 2428 1162 2459 in
1184 2426 1333 2459 omnibus
1360 2430 1391 2457 et
1408 2435 1467 2468 per
1485 2425 1593 2457 omnia
1617 2426 1683 2468 ple-

944 2483 1076 2516 nissime
1102 2479 1270 2521 sull'ragari
1285 2505 1292 2518 ,
1318 2479 1430 2520 sicque
1447 2478 1478 2509 in
1496 2477 1681 2521 praemissis

943 2547 1001 2579 per
1026 2543 1248 2578 quoscumque
1277 2532 1402 2564 iudices
1436 2530 1618 2563 ordinarios
1649 2535 1681 2562 et

943 2591 1119 2631 delegatos,
1143 2586 1242 2619 etiam
1266 2594 1438 2618 causarum
1464 2583 1574 2629 palatii
1600 2593 1678 2626 apo-

1739 698 1869 719 Conceditur

1686 727 1715 746 eis
1738 726 1867 750 prandia-tum

1686 752 1817 776 privilegium
1841 752 1868 771 aad

1686 779 1750 798 instar
1762 778 1816 797 iltius
1825 784 1869 797 rno-

1687 805 1799 824 nathorum
1819 803 1869 824 Cas-

1686 836 1808 851 stueus’tuui.

1719 2168 1839 2194 Ctausutao.
