2111 3157
34 231 84 258 An.
104 229 134 256 C.
154 228 220 256 '676

103 445 217 470 nvi-agatii)

35 472 194 492 conuariorum.

66 1382 188 1403 Exordium.

225 277 321 310 inane
347 276 373 309 si
399 286 487 310 secus
520 286 619 320 super
649 275 699 308 his
733 286 750 308 a
774 285 952 317 quoquam,

227 329 338 372 quavis
363 330 561 369 auctoritate,
578 328 715 361 scienter
739 328 788 360 vel
803 327 954 369 ignoran-

228 387 286 421 ter,
308 382 482 424 contigerit
505 380 665 414 attentari.

271 435 285 477 g
309 433 340 467 3.
362 434 431 466 Non
456 433 659 466 obstantibus
683 431 887 474 praemissis,
919 439 955 462 ac

227 486 506 520 constitutionibus
536 490 567 518 et
596 484 853 517 ordinationibus
880 493 955 525 apo-

228 540 356 580 stolicis,
375 538 555 581 ceterisque
568 536 736 570 contrariis
750 536 955 579 quibuscum-

229 603 302 636 que.

270 644 380 676 Datum
405 643 544 682 Romae,
569 641 654 684 apud
679 641 710 674 S.
730 641 869 679 Petrum,
896 640 954 671 sub

227 697 346 729 annulo
385 694 555 728 piscatoris
578 720 584 734 ,
622 693 673 726 die
711 703 729 725 x
772 691 954 725 novembris

226 758 394 787 noemma
418 745 620 790 pontificatus
638 744 740 778 nostri
761 755 845 776 anno
872 754 893 776 1.

260 810 322 836 Dat.
342 808 384 836 die
400 809 434 836 10
452 807 604 835 novembris
625 807 708 840 1676,
730 806 825 842 pontis.
846 813 916 832 auno
936 811 953 831 ι.

566 949 615 982 ΙΙΙ.

224 1029 366 1064 §Ecclesia
391 1028 586 1061 cathedralis
610 1028 641 1061 S.
669 1026 847 1060 Sati-aroris
877 1027 957 1058 Bra-

271 1081 430 1121 siliensis,
457 1080 544 1113 saluo
568 1081 831 1124 inrepatronolus
856 1078 954 1120 reqio,

272 1133 308 1165 in
328 1133 610 1176 metropolitanam
635 1130 801 1174 erigitur&

400 1213 592 1242 Innocentius
617 1212 788 1245 Episcopus,

423 1265 526 1284 servus
541 1263 692 1283 servorum
713 1255 775 1288 Dei,
811 1279 823 1292 ο

349 1302 385 1328 ad
404 1304 577 1334 perpetuam
595 1300 639 1326 roi
660 1299 843 1326 memoriam.

274 1371 360 1404 Inter
384 1370 553 1413 pastoralis
572 1368 667 1401 officii
685 1378 786 1407 curas,
807 1378 878 1410 quo,
904 1376 961 1409 per

231 1424 428 1457 ineffabilem
453 1423 578 1455 divinae
596 1421 771 1454 maiestatis
789 1420 961 1463 providen-

232 1477 318 1517 tiam,
333 1476 521 1508 universalis
534 1474 694 1507 Ecclesiae
709 1472 858 1515 regimini
873 1482 962 1515 prae-

232 1529 329 1572 positi
354 1538 470 1568 sumus,
500 1527 587 1560 illam
613 1525 766 1569 peculiari
792 1524 902 1557 ass'ertu
932 1530 962 1556 et

232 1580 447 1613 sollieitudine
477 1579 617 1612 libenter
640 1577 873 1620 amplectimur,
900 1587 962 1619 qua

233 1634 313 1666 tides
337 1632 517 1665 orthodoxa
537 1632 568 1663 in
586 1631 700 1663 animis
730 1630 894 1662 hominum
914 1630 960 1661 vel

235 1685 389 1727 gignitur,
405 1685 453 1716 vel
474 1685 536 1716 iam
553 1683 660 1725 genita
681 1682 831 1721 nutritur,
852 1681 963 1713 desen-

235 1737 322 1770 ditur
345 1743 376 1769 et
399 1736 594 1774 roboratur,
622 1745 656 1766 ac
684 1734 801 1766 Christi
834 1744 907 1766 oves
933 1739 962 1765 et

235 1789 415 1822 dominicus
439 1799 528 1830 grex,
558 1798 652 1830 quem
677 1787 824 1819 caelestis
849 1785 963 1818 t²÷2ie1=³

235 1851 291 1874 suo
316 1841 473 1882 sanguine
497 1839 633 1872 redemit
664 1844 696 1871 et
720 1839 751 1870 in
777 1839 870 1870 unius
894 1849 964 1870 san-

236 1898 305 1926 ctae
328 1893 488 1926 Ecclesiae
513 1892 690 1924 catholicae
714 1891 869 1923 unitatem
891 1891 964 1922 adu-

237 1945 332 1984 navit,
354 1945 392 1978 ab
415 1944 597 1977 incursibus
622 1943 887 1976 debacchantium
913 1943 965 1974 ad-

237 1997 452 2030 versariorum
476 1997 635 2028 immunes
659 1996 856 2034 redduntur,
889 2005 966 2037 quo-

239 2059 309 2082 rum
326 2060 388 2092 quo
410 2049 511 2082 maior
531 2054 578 2081 est
591 2060 608 2081 a
626 2048 729 2091 capite
752 2048 910 2086 distantia,
928 2058 965 2080 eo

239 2102 423 2143 vigilantior
447 2103 544 2135 debet
567 2112 636 2134 esse
657 2112 756 2144 super
779 2112 834 2134 eos
860 2106 967 2133 nostra

239 2154 415 2196 apostolica
439 2154 635 2187 sollicitudo.
654 2153 831 2197 Propterea
856 2163 966 2185 eorum

240 2206 382 2239 civitates
400 2211 431 2238 et
445 2207 527 2247 loca,
547 2216 637 2249 quae,
655 2212 729 2249 post
746 2208 859 2249 longas
878 2206 969 2248 igno—

240 2259 364 2291 rantiae
389 2260 547 2299 tenebras,
565 2259 701 2302 Spiritus
725 2259 830 2291 Sancti
856 2269 970 2301 coope-

240 2317 330 2343 rante
349 2311 458 2354 gratia,
473 2322 583 2343 verum
600 2311 716 2344 Christi
734 2313 842 2345 lumen
868 2317 899 2344 et
919 2322 971 2343 co-

242 2363 420 2405 gnitionem
445 2369 649 2406 receperunt,
669 2364 861 2407 specialibus
878 2375 971 2407 prae-

242 2416 411 2458 rogativis,
431 2416 541 2459 gratiis
565 2421 597 2449 et
620 2416 781 2450 favoribus
807 2416 970 2460 prosequi,

280 2495 291 2521 1
313 2494 378 2520 Tres
397 2502 472 2530 seqq.
493 2494 614 2529 constit„
630 2494 723 2522 eadem
743 2495 796 2529 die,
814 2499 843 2522 ut
859 2495 972 2529 videtur,

242 2537 391 2574 expeditae,
403 2546 493 2565 secum
504 2538 618 2566 invicem
631 2539 807 2566 conferendae
819 2543 881 2566 sunt
892 2540 972 2573 (uxr).

277 2582 294 2610 2
308 2582 418 2610 Videtur
434 2582 578 2619 legendum
591 2584 697 2612 Pastor
712 2591 759 2620 pro
775 2585 864 2612 Pater
876 2584 972 2620 (nm).

798 225 1009 251 INNOCENTIL'S
1031 226 1062 251 XI
1087 226 1136 250 1¹1⁷.

1666 211 1687 245 5
1732 220 1785 248 An.
1802 219 1830 247 c.
1848 219 1919 247 ¹076

998 282 1174 316 eorumque
1189 272 1341 306 ecclesias
1359 272 1421 304 iam
1440 271 1585 303 fundatas
1606 269 1728 312 dignio-

997 326 1085 358 ribus
1112 326 1210 359 titulis
1242 335 1400 358 exornare
1427 323 1636 361 decrevimus,
1662 333 1729 354 ma-

997 379 1079 411 xime
1098 379 1128 411 id
1150 378 1335 411 sublimium
1360 377 1541 420 principum
1560 384 1730 418 exposcen-

998 431 1081 463 tibus
1106 432 1196 470 votis,
1219 437 1314 473 prout
1338 431 1370 462 in
1398 429 1533 463 Domino
1558 427 1730 461 salubriter

998 482 1148 524 expedire
1174 481 1402 523 conspicimus.

1041 534 1055 574 ,Q
1080 534 1110 565 ’1.
1138 533 1232 570 Sane,
1258 533 1393 565 ecclesia
1411 532 1441 564 S.
1461 530 1633 564 Salvatoris
1654 530 1730 562 Bra·
1780 541 1860 570 camm-
1882 540 1921 559 m-

998 586 1122 618 siliensi
1149 586 1252 628 (quae
1285 586 1323 617 de
1355 585 1423 616 iure
1454 588 1642 627 patronatus
1671 568 1830 625 pro'fffiii's.
1849 567 1923 612 §.CCXI

999 644 1142 680 tempore
1168 637 1372 669 existentium
1397 635 1614 677 Portugalliae
1632 641 1663 667 et
1681 635 1729 666 Al·
1741 622 1923 671 maagfflmru-

999 690 1182 733 garbiorum
1206 700 1317 732 regum
1343 688 1517 722 illustrium
1542 698 1579 720 ex
1604 686 1731 729 privile-

999 743 1051 785 gio
1076 741 1266 786 apostolico,
1286 741 1336 774 eui
1361 751 1425 773 non
1451 745 1499 772 est
1523 740 1680 772 hactenus
1698 738 1729 769 in

998 795 1106 837 aliquo
1133 794 1333 836 derogatum,
1359 803 1430 825 esse
1457 790 1670 833 dignoscitur,
1700 795 1732 821 et

999 847 1047 879 cui
1072 847 1176 879 bonae
1200 846 1376 878 memoriae
1401 844 1583 886 Stephanus
1608 842 1732 884 episeo-

999 911 1058 943 pus
1086 898 1297 937 [li-asiliensis,
1316 899 1391 930 dum
1416 897 1545 934 viveret,
1566 894 1733 938 praeside-

999 954 1078 994 bat),
1098 963 1155 995 per
1174 952 1296 984 obitum
1314 949 1390 983 dicti
1405 947 1559 991 Stephani
1574 946 1730 990 episcopi,

999 1005 1053 1048 qui
1079 1010 1166 1037 extra
1184 1004 1359 1036 Romanam
1375 1001 1499 1034 Curiam
1517 999 1657 1032 debitum
1679 1009 1734 1030 na-

1001 1064 1088 1090 turae
1106 1056 1267 1099 persolvit,
1282 1054 1418 1097 pastoris
1436 1052 1552 1086 solatio
1570 1051 1732 1089 destituta,

1001 1120 1069 1148 nos,
1088 1108 1254 1141 vacatione
1276 1105 1461 1139 huiusmodi
1482 1104 1544 1136 side
1562 1103 1668 1146 dignis
1685 1112 1734 1135 re-

1002 1161 1175 1194 lationibus
1200 1160 1385 1197 intellecta,
1412 1156 1537 1200 providi
1563 1155 1734 1197 vigilisque

1003 1213 1140 1256 pastoris
1172 1222 1260 1244 more
1296 1211 1537 1243 considerantes
1573 1207 1660 1250 quod
1696 1217 1733 1239 ex

1003 1266 1149 1298 omnibus
1176 1263 1319 1306 regionis
1344 1261 1502 1295 Brasiliae
1530 1261 1610 1293 locis
1636 1259 1734 1302 (quae

1005 1317 1219 1359 Portugalliae
1235 1321 1266 1348 et
1279 1314 1505 1357 Algarbiorum
1519 1323 1622 1354 reges,
1638 1322 1654 1343 a
1667 1312 1737 1344 bar·

1004 1369 1089 1401 baris
1115 1374 1146 1401 et
1171 1367 1345 1410 gentilibus
1369 1366 1506 1408 aliisque
1531 1364 1607 1397 seris
1632 1363 1736 1396 natio-

1004 1422 1097 1454 nibus
1114 1419 1302 1458 habitatae¹,
1329 1423 1402 1461 post
1420 1417 1525 1450 varios
1541 1416 1686 1456 sudores,
1704 1421 1736 1447 et

1005 1475 1166 1517 impensas
1190 1478 1362 1515 propterea
1390 1471 1497 1510 saetas,
1518 1469 1633 1502 ditioni
1659 1469 1735 1500 sub-

1005 1528 1152 1569 egerunt)
1178 1526 1288 1557 civitas
1314 1524 1344 1557 S.
1376 1522 1549 1556 Salvatoris
1581 1521 1612 1553 in
1637 1521 1737 1553 Bahia

1006 1580 1150 1612 Omnium
1175 1579 1383 1616 Sanctorum,
1409 1577 1449 1609 ob
1475 1576 1561 1608 illius
1586 1574 1736 1616 amplitu-

1007 1633 1126 1671 dinem,
1147 1631 1300 1663 cultiores
1321 1629 1437 1662 civium
1455 1637 1572 1666 mores,
1591 1626 1658 1668 agri
1680 1626 1736 1658 ser-

1008 1684 1163 1722 mitatem,
1181 1683 1263 1715 a'eris
1289 1681 1539 1723 benignitatem,
1564 1689 1600 1711 ac
1623 1678 1737 1721 populi

1008 1736 1217 1779 frequentiam
1236 1740 1268 1767 ct
1291 1732 1518 1766 commercium
1537 1731 1641 1774 prima
1657 1735 1736 1770 erat,

1007 1795 1038 1822 et
1054 1790 1237 1831 (postquam
1256 1797 1350 1829 reges
1368 1785 1428 1828 ipsi
1449 1783 1644 1817 vastissimas
1668 1793 1739 1825 pro-

1006 1841 1125 1873 vincias
1150 1846 1182 1872 et
1205 1840 1336 1882 oppida,
1356 1844 1467 1881 portus
1493 1842 1524 1870 et
1540 1837 1611 1869 loca
1628 1835 1659 1867 in
1676 1835 1739 1868 illis

1008 1894 1151 1937 partibus
1167 1891 1250 1924 suis²
1267 1892 1395 1924 viribus.
1411 1901 1447 1922 ac
1462 1889 1618 1922 diuturnis
1633 1892 1665 1920 et
1683 1888 1741 1919 sre-

1009 1946 1181 1989 queutil)us
1198 1944 1293 1976 bellis
1315 1942 1532 1986 periculisque
1553 1940 1740 1974 felicissime

1009 1999 1258 2042 acquisiverant,
1270 2002 1300 2029 et
1310 1996 1348 2028 ab
1360 1995 1598 2028 haereticorum
1611 1993 1742 2026 IIollan-

1010 2052 1123 2083 dorum
1148 2049 1295 2082 manibus
1313 2052 1600 2091 recuperaverant,
1618 2055 1743 2078 eorum-

1011 2114 1070 2147 que
1107 2104 1271 2146 populos,
1303 2101 1400 2134 divini
1431 2099 1631 2141 humanique
1664 2097 1743 2130 iuris

1011 2162 1142 2189 eatenus
1168 2159 1337 2198 experteS,
1365 2154 1465 2195 opera
1489 2156 1521 2184 et
1544 2149 1744 2183 ministerio³

1013 2208 1172 2241 variorum
1191 2206 1418 2249 religiosorum
1436 2203 1636 2245 aliorumque
1661 2202 1743 2234 vitae

1012 2261 1164 2303 probatae
1183 2259 1333 2297 virorum,
1355 2255 1487 2289 abiectis
1511 2255 1585 2287 inde
1610 2254 1744 2286 Satanae

1015 2313 1157 2346 tenebris
1168 2322 1203 2344 ae
1213 2310 1381 2344 idolatriae
1393 2314 1424 2342 et
1437 2307 1624 2351 gentilitatis
1635 2308 1746 2339 haere·

1014 2376 1150 2408 sumque
1176 2364 1352 2403 erroribus,
1371 2363 1409 2395 ad
1429 2362 1524 2395 fidem
1543 2360 1744 2399 catholicam,

1015 2422 1104 2450 extra
1120 2428 1214 2460 quam
1234 2417 1323 2449 nulla
1342 2420 1392 2448 est
1418 2415 1513 2454 salus,
1531 2418 1563 2446 et
1589 2411 1747 2455 cognitio-

1050 2498 1062 2523 1
1082 2496 1209 2531 Legerem
1225 2496 1355 2523 habitata
1371 2502 1467 2529 nempe
1484 2494 1543 2519 loca
1558 2494 1597 2527 (n.
1612 2493 1660 2525 τ.).

1050 2540 1066 2567 2
1082 2541 1111 2566 In
1127 2541 1176 2567 loc.
1190 2540 1284 2575 paralll
1300 2547 1359 2574 pag.
1373 2539 1388 2564 8
1400 2537 1524 2572 alegitur
1536 2536 1657 2563 summis
1666 2536 1695 2569 (n
1708 2535 1747 2569 τ).

1051 2585 1067 2626 3
1082 2584 1158 2617 Male,
1169 2588 1195 2611 ut
1205 2588 1280 2620 puto,
1293 2583 1336 2611 ed,
1348 2582 1426 2609 Main.
1438 2584 1490 2616 leg.
1504 2579 1748 2615 ministeriams).
1765 2606 1767 2609 ,
1806 2594 1813 2599 «
