<?xml version="1.0" encoding="UTF-8"?>
<!DOCTYPE html PUBLIC "-//W3C//DTD XHTML 1.0 Transitional//EN"
    "http://www.w3.org/TR/xhtml1/DTD/xhtml1-transitional.dtd">
<html xmlns="http://www.w3.org/1999/xhtml" xml:lang="en" lang="en">
 <head>
  <title>
</title>
<meta http-equiv="Content-Type" content="text/html;charset=utf-8" />
  <meta name='ocr-system' content='tesseract 3.04.00' />
  <meta name='ocr-capabilities' content='ocr_page ocr_carea ocr_par ocr_line ocrx_word'/>
</head>
<body>
  <div class='ocr_page' id='page_1' title='image "./bullarumdiplomat19cath_0689.png"; bbox 0 0 2111 3157; ppageno 0'>
   <div class='ocr_carea' id='block_1_1' title="bbox 26 214 209 242">
    <p class='ocr_par' dir='ltr' id='par_1_1' title="bbox 26 214 209 242">
     <span class='ocr_line' id='line_1_1' title="bbox 26 214 209 242; baseline -0.022 0"><span class='ocrx_word' id='word_1_1' title='bbox 26 217 74 242; x_wconf 66' lang='lat' dir='ltr'>An.</span> <span class='ocrx_word' id='word_1_2' title='bbox 90 215 119 241; x_wconf 85' lang='lat' dir='ltr'>C.</span> <span class='ocrx_word' id='word_1_3' title='bbox 145 217 162 240; x_wconf 84' lang='lat' dir='ltr'>t·</span> <span class='ocrx_word' id='word_1_4' title='bbox 175 214 209 239; x_wconf 62' lang='lat'>5:13</span> 
     </span>
    </p>
   </div>
   <div class='ocr_carea' id='block_1_2' title="bbox 18 744 198 792">
    <p class='ocr_par' dir='ltr' id='par_1_2' title="bbox 18 744 198 792">
     <span class='ocr_line' id='line_1_2' title="bbox 43 744 197 771; baseline 0 -6"><span class='ocrx_word' id='word_1_5' title='bbox 43 745 53 771; x_wconf 71' lang='grc' dir='ltr'>ς</span> <span class='ocrx_word' id='word_1_6' title='bbox 66 745 82 765; x_wconf 81' lang='lat' dir='ltr'>l.</span> <span class='ocrx_word' id='word_1_7' title='bbox 93 744 123 765; x_wconf 76' lang='lat' dir='ltr'>Dt·</span> <span class='ocrx_word' id='word_1_8' title='bbox 133 744 197 765; x_wconf 69' lang='lat' dir='ltr'>choro</span> 
     </span>
     <span class='ocr_line' id='line_1_3' title="bbox 18 772 198 792; baseline 0 -1"><span class='ocrx_word' id='word_1_9' title='bbox 18 775 35 791; x_wconf 66' lang='lat' dir='ltr'>et</span> <span class='ocrx_word' id='word_1_10' title='bbox 58 772 114 792; x_wconf 74' lang='lat' dir='ltr'>lium</span> <span class='ocrx_word' id='word_1_11' title='bbox 134 777 198 791; x_wconf 77' lang='lat' dir='ltr'>cano-</span> 
     </span>
    </p>
   </div>
   <div class='ocr_carea' id='block_1_3' title="bbox 16 798 75 818">
    <p class='ocr_par' dir='ltr' id='par_1_3' title="bbox 16 798 75 818">
     <span class='ocr_line' id='line_1_4' title="bbox 16 798 75 818; baseline 0 0"><span class='ocrx_word' id='word_1_12' title='bbox 16 798 75 818; x_wconf 65' lang='lat' dir='ltr'>niuis.</span> 
     </span>
    </p>
   </div>
   <div class='ocr_carea' id='block_1_4' title="bbox 205 261 941 1520">
    <p class='ocr_par' dir='ltr' id='par_1_4' title="bbox 208 261 941 727">
     <span class='ocr_line' id='line_1_5' title="bbox 212 261 939 306; baseline -0.001 -11"><span class='ocrx_word' id='word_1_13' title='bbox 212 272 447 306; x_wconf 83' lang='lat' dir='ltr'>quemcumque</span> <span class='ocrx_word' id='word_1_14' title='bbox 483 261 580 296; x_wconf 87' lang='lat' dir='ltr'>alium</span> <span class='ocrx_word' id='word_1_15' title='bbox 615 267 805 302; x_wconf 71' lang='lat' dir='ltr'>concernat,</span> <span class='ocrx_word' id='word_1_16' title='bbox 839 262 939 295; x_wconf 89' lang='lat' dir='ltr'>libere</span> 
     </span>
     <span class='ocr_line' id='line_1_6' title="bbox 209 315 940 358; baseline 0 -11"><span class='ocrx_word' id='word_1_17' title='bbox 209 315 385 348; x_wconf 89' lang='lat' dir='ltr'>secundum</span> <span class='ocrx_word' id='word_1_18' title='bbox 419 316 611 358; x_wconf 74' lang='lat' dir='ltr'>exigentiam</span> <span class='ocrx_word' id='word_1_19' title='bbox 643 316 738 348; x_wconf 83' lang='lat' dir='ltr'>officii</span> <span class='ocrx_word' id='word_1_20' title='bbox 768 315 835 355; x_wconf 90' lang='lat' dir='ltr'>sui,</span> <span class='ocrx_word' id='word_1_21' title='bbox 869 325 940 347; x_wconf 89' lang='lat' dir='ltr'>cum</span> 
     </span>
     <span class='ocr_line' id='line_1_7' title="bbox 210 367 941 410; baseline 0 -11"><span class='ocrx_word' id='word_1_22' title='bbox 210 367 320 400; x_wconf 82' lang='lat' dir='ltr'>debita</span> <span class='ocrx_word' id='word_1_23' title='bbox 338 373 443 401; x_wconf 88' lang='lat' dir='ltr'>tamen</span> <span class='ocrx_word' id='word_1_24' title='bbox 464 368 621 401; x_wconf 77' lang='lat' dir='ltr'>modestia</span> <span class='ocrx_word' id='word_1_25' title='bbox 645 374 677 401; x_wconf 88' lang='lat' dir='ltr'>et</span> <span class='ocrx_word' id='word_1_26' title='bbox 695 374 853 410; x_wconf 86' lang='lat' dir='ltr'>respectu,</span> <span class='ocrx_word' id='word_1_27' title='bbox 872 377 941 400; x_wconf 89' lang='lat' dir='ltr'>mo-</span> 
     </span>
     <span class='ocr_line' id='line_1_8' title="bbox 208 420 940 464; baseline -0.001 -11"><span class='ocrx_word' id='word_1_28' title='bbox 208 426 295 460; x_wconf 89' lang='lat' dir='ltr'>neat,</span> <span class='ocrx_word' id='word_1_29' title='bbox 321 425 363 460; x_wconf 90' lang='lat' dir='ltr'>et,</span> <span class='ocrx_word' id='word_1_30' title='bbox 377 420 402 453; x_wconf 89' lang='lat' dir='ltr'>si</span> <span class='ocrx_word' id='word_1_31' title='bbox 427 431 508 464; x_wconf 88' lang='lat' dir='ltr'>opus</span> <span class='ocrx_word' id='word_1_32' title='bbox 532 426 656 464; x_wconf 87' lang='lat' dir='ltr'>urgeat,</span> <span class='ocrx_word' id='word_1_33' title='bbox 680 426 735 453; x_wconf 90' lang='lat' dir='ltr'>aut</span> <span class='ocrx_word' id='word_1_34' title='bbox 759 421 897 464; x_wconf 88' lang='lat' dir='ltr'>denique</span> <span class='ocrx_word' id='word_1_35' title='bbox 914 420 940 453; x_wconf 91' lang='lat' dir='ltr'>si</span> 
     </span>
     <span class='ocr_line' id='line_1_9' title="bbox 209 472 940 517; baseline -0.001 -11"><span class='ocrx_word' id='word_1_36' title='bbox 209 472 342 506; x_wconf 79' lang='lat' dir='ltr'>effectus</span> <span class='ocrx_word' id='word_1_37' title='bbox 366 484 432 506; x_wconf 89' lang='lat' dir='ltr'>non</span> <span class='ocrx_word' id='word_1_38' title='bbox 457 479 618 517; x_wconf 90' lang='lat' dir='ltr'>sequatur,</span> <span class='ocrx_word' id='word_1_39' title='bbox 636 474 768 507; x_wconf 91' lang='lat' dir='ltr'>domino</span> <span class='ocrx_word' id='word_1_40' title='bbox 799 473 940 517; x_wconf 84' lang='lat' dir='ltr'>praesidi</span> 
     </span>
     <span class='ocr_line' id='line_1_10' title="bbox 208 525 941 568; baseline 0 -10"><span class='ocrx_word' id='word_1_41' title='bbox 208 526 259 559; x_wconf 88' lang='lat' dir='ltr'>vel</span> <span class='ocrx_word' id='word_1_42' title='bbox 282 525 439 559; x_wconf 80' lang='lat' dir='ltr'>visitatori</span> <span class='ocrx_word' id='word_1_43' title='bbox 464 536 523 568; x_wconf 90' lang='lat' dir='ltr'>pro</span> <span class='ocrx_word' id='word_1_44' title='bbox 547 526 595 560; x_wconf 88' lang='lat' dir='ltr'>rei</span> <span class='ocrx_word' id='word_1_45' title='bbox 619 532 784 560; x_wconf 89' lang='lat' dir='ltr'>momento</span> <span class='ocrx_word' id='word_1_46' title='bbox 821 531 852 559; x_wconf 89' lang='lat' dir='ltr'>et</span> <span class='ocrx_word' id='word_1_47' title='bbox 877 525 941 558; x_wconf 82' lang='lat' dir='ltr'>exi-</span> 
     </span>
     <span class='ocr_line' id='line_1_11' title="bbox 208 579 526 621; baseline 0 -10"><span class='ocrx_word' id='word_1_48' title='bbox 208 579 316 621; x_wconf 74' lang='lat' dir='ltr'>gentia</span> <span class='ocrx_word' id='word_1_49' title='bbox 339 579 526 612; x_wconf 87' lang='lat' dir='ltr'>denunciet.</span> 
     </span>
     <span class='ocr_line' id='line_1_12' title="bbox 288 631 861 673; baseline -0.002 -9"><span class='ocrx_word' id='word_1_50' title='bbox 288 631 391 665; x_wconf 73' lang='lat' dir='ltr'>CAPUT</span> <span class='ocrx_word' id='word_1_51' title='bbox 415 631 463 664; x_wconf 89' lang='lat' dir='ltr'>IV.</span> <span class='ocrx_word' id='word_1_52' title='bbox 488 650 532 656; x_wconf 90' lang='lat'>—-</span> <span class='ocrx_word' id='word_1_53' title='bbox 554 632 599 664; x_wconf 84' lang='lat' dir='ltr'>De</span> <span class='ocrx_word' id='word_1_54' title='bbox 622 631 733 664; x_wconf 77' lang='lat' dir='ltr'>divino</span> <span class='ocrx_word' id='word_1_55' title='bbox 757 631 861 673; x_wconf 78' lang='lat' dir='ltr'>officio</span> 
     </span>
     <span class='ocr_line' id='line_1_13' title="bbox 332 684 811 727; baseline 0 -11"><span class='ocrx_word' id='word_1_56' title='bbox 332 688 361 716; x_wconf 83' lang='lat' dir='ltr'>et</span> <span class='ocrx_word' id='word_1_57' title='bbox 384 684 615 727; x_wconf 79' lang='lat' dir='ltr'>spiritualibus</span> <span class='ocrx_word' id='word_1_58' title='bbox 639 685 811 717; x_wconf 70' lang='lat' dir='ltr'>ezerciliis.</span> 
     </span>
    </p>

    <p class='ocr_par' dir='ltr' id='par_1_5' title="bbox 207 736 940 1088">
     <span class='ocr_line' id='line_1_14' title="bbox 251 736 940 779; baseline 0 -10"><span class='ocrx_word' id='word_1_59' title='bbox 251 736 328 769; x_wconf 90' lang='lat' dir='ltr'>Cum</span> <span class='ocrx_word' id='word_1_60' title='bbox 352 742 466 770; x_wconf 88' lang='lat' dir='ltr'>nostra</span> <span class='ocrx_word' id='word_1_61' title='bbox 488 737 644 779; x_wconf 77' lang='lat' dir='ltr'>professio</span> <span class='ocrx_word' id='word_1_62' title='bbox 667 747 727 769; x_wconf 90' lang='lat' dir='ltr'>nos</span> <span class='ocrx_word' id='word_1_63' title='bbox 752 736 807 769; x_wconf 85' lang='lat' dir='ltr'>Dei</span> <span class='ocrx_word' id='word_1_64' title='bbox 836 737 940 769; x_wconf 86' lang='lat' dir='ltr'>laudi-</span> 
     </span>
     <span class='ocr_line' id='line_1_15' title="bbox 208 789 940 829; baseline 0 -7"><span class='ocrx_word' id='word_1_65' title='bbox 208 789 267 822; x_wconf 85' lang='lat' dir='ltr'>bus</span> <span class='ocrx_word' id='word_1_66' title='bbox 291 789 493 822; x_wconf 84' lang='lat' dir='ltr'>celebrandis</span> <span class='ocrx_word' id='word_1_67' title='bbox 518 789 652 829; x_wconf 87' lang='lat' dir='ltr'>addicat,</span> <span class='ocrx_word' id='word_1_68' title='bbox 677 790 738 822; x_wconf 88' lang='lat' dir='ltr'>alia</span> <span class='ocrx_word' id='word_1_69' title='bbox 762 789 871 822; x_wconf 89' lang='lat' dir='ltr'>omnia</span> <span class='ocrx_word' id='word_1_70' title='bbox 896 790 940 822; x_wconf 87' lang='lat' dir='ltr'>ita</span> 
     </span>
     <span class='ocr_line' id='line_1_16' title="bbox 208 842 939 876; baseline 0.001 -2"><span class='ocrx_word' id='word_1_71' title='bbox 208 842 389 875; x_wconf 87' lang='lat' dir='ltr'>ordinanda</span> <span class='ocrx_word' id='word_1_72' title='bbox 413 847 488 875; x_wconf 85' lang='lat' dir='ltr'>sunt</span> <span class='ocrx_word' id='word_1_73' title='bbox 511 847 546 875; x_wconf 91' lang='lat' dir='ltr'>ut</span> <span class='ocrx_word' id='word_1_74' title='bbox 571 842 713 875; x_wconf 84' lang='lat' dir='ltr'>officium</span> <span class='ocrx_word' id='word_1_75' title='bbox 738 842 882 876; x_wconf 91' lang='lat' dir='ltr'>divinum</span> <span class='ocrx_word' id='word_1_76' title='bbox 907 843 939 875; x_wconf 92' lang='lat' dir='ltr'>in</span> 
     </span>
     <span class='ocr_line' id='line_1_17' title="bbox 207 894 939 938; baseline 0.003 -12"><span class='ocrx_word' id='word_1_77' title='bbox 207 894 308 927; x_wconf 86' lang='lat' dir='ltr'>choro</span> <span class='ocrx_word' id='word_1_78' title='bbox 341 904 509 938; x_wconf 91' lang='lat' dir='ltr'>nunquam</span> <span class='ocrx_word' id='word_1_79' title='bbox 543 895 787 936; x_wconf 74' lang='lat' dir='ltr'>intermittatur,</span> <span class='ocrx_word' id='word_1_80' title='bbox 823 895 939 928; x_wconf 90' lang='lat' dir='ltr'>necin</span> 
     </span>
     <span class='ocr_line' id='line_1_18' title="bbox 207 946 940 991; baseline 0.001 -11"><span class='ocrx_word' id='word_1_81' title='bbox 207 946 399 990; x_wconf 84' lang='lat' dir='ltr'>particulari</span> <span class='ocrx_word' id='word_1_82' title='bbox 423 948 594 991; x_wconf 84' lang='lat' dir='ltr'>quispiam,</span> <span class='ocrx_word' id='word_1_83' title='bbox 608 948 678 981; x_wconf 85' lang='lat' dir='ltr'>sine</span> <span class='ocrx_word' id='word_1_84' title='bbox 695 949 828 991; x_wconf 88' lang='lat' dir='ltr'>speciali</span> <span class='ocrx_word' id='word_1_85' title='bbox 847 950 940 981; x_wconf 78' lang='lat' dir='ltr'>causa</span> 
     </span>
     <span class='ocr_line' id='line_1_19' title="bbox 208 999 939 1045; baseline 0.003 -13"><span class='ocrx_word' id='word_1_86' title='bbox 208 1004 240 1032; x_wconf 92' lang='lat' dir='ltr'>et</span> <span class='ocrx_word' id='word_1_87' title='bbox 256 999 397 1039; x_wconf 73' lang='lat' dir='ltr'>licentia,</span> <span class='ocrx_word' id='word_1_88' title='bbox 417 1011 434 1033; x_wconf 86' lang='lat' dir='ltr'>a</span> <span class='ocrx_word' id='word_1_89' title='bbox 447 1000 549 1034; x_wconf 90' lang='lat' dir='ltr'>choro</span> <span class='ocrx_word' id='word_1_90' title='bbox 564 1011 595 1034; x_wconf 90' lang='lat' dir='ltr'>se</span> <span class='ocrx_word' id='word_1_91' title='bbox 612 1001 778 1041; x_wconf 85' lang='lat' dir='ltr'>subducat,</span> <span class='ocrx_word' id='word_1_92' title='bbox 793 1006 828 1034; x_wconf 90' lang='lat' dir='ltr'>ut</span> <span class='ocrx_word' id='word_1_93' title='bbox 844 1003 939 1045; x_wconf 84' lang='lat' dir='ltr'>paulo</span> 
     </span>
     <span class='ocr_line' id='line_1_20' title="bbox 207 1053 878 1088; baseline 0.003 -3"><span class='ocrx_word' id='word_1_94' title='bbox 207 1057 281 1085; x_wconf 86' lang='lat' dir='ltr'>ante</span> <span class='ocrx_word' id='word_1_95' title='bbox 306 1053 345 1085; x_wconf 91' lang='lat' dir='ltr'>de</span> <span class='ocrx_word' id='word_1_96' title='bbox 370 1053 561 1086; x_wconf 82' lang='lat' dir='ltr'>officialibus</span> <span class='ocrx_word' id='word_1_97' title='bbox 586 1054 795 1087; x_wconf 89' lang='lat' dir='ltr'>constitutum</span> <span class='ocrx_word' id='word_1_98' title='bbox 820 1059 878 1088; x_wconf 90' lang='lat' dir='ltr'>est.</span> 
     </span>
    </p>

    <p class='ocr_par' dir='ltr' id='par_1_6' title="bbox 205 1106 941 1520">
     <span class='ocr_line' id='line_1_21' title="bbox 250 1106 941 1141; baseline 0.003 -3"><span class='ocrx_word' id='word_1_99' title='bbox 250 1106 357 1138; x_wconf 90' lang='lat' dir='ltr'>Horae</span> <span class='ocrx_word' id='word_1_100' title='bbox 367 1107 541 1140; x_wconf 83' lang='lat' dir='ltr'>canonicae</span> <span class='ocrx_word' id='word_1_101' title='bbox 554 1107 733 1140; x_wconf 88' lang='lat' dir='ltr'>secundum</span> <span class='ocrx_word' id='word_1_102' title='bbox 746 1107 941 1141; x_wconf 88' lang='lat' dir='ltr'>breviarium</span> 
     </span>
     <span class='ocr_line' id='line_1_22' title="bbox 207 1159 941 1194; baseline 0.003 -2"><span class='ocrx_word' id='word_1_103' title='bbox 207 1159 652 1194; x_wconf 86' lang='lat' dir='ltr'>benedictino-monasticum</span> <span class='ocrx_word' id='word_1_104' title='bbox 663 1161 853 1194; x_wconf 85' lang='lat' dir='ltr'>auctoritate</span> <span class='ocrx_word' id='word_1_105' title='bbox 863 1161 941 1194; x_wconf 88' lang='lat' dir='ltr'>Pau-</span> 
     </span>
     <span class='ocr_line' id='line_1_23' title="bbox 206 1211 941 1247; baseline 0.003 -3"><span class='ocrx_word' id='word_1_106' title='bbox 206 1212 229 1245; x_wconf 92' lang='lat' dir='ltr'>li</span> <span class='ocrx_word' id='word_1_107' title='bbox 254 1211 277 1244; x_wconf 90' lang='lat' dir='ltr'>V</span> <span class='ocrx_word' id='word_1_108' title='bbox 302 1212 423 1246; x_wconf 86' lang='lat' dir='ltr'>editum</span> <span class='ocrx_word' id='word_1_109' title='bbox 448 1218 480 1246; x_wconf 88' lang='lat' dir='ltr'>et</span> <span class='ocrx_word' id='word_1_110' title='bbox 503 1213 542 1246; x_wconf 92' lang='lat' dir='ltr'>ab</span> <span class='ocrx_word' id='word_1_111' title='bbox 562 1213 694 1247; x_wconf 85' lang='lat' dir='ltr'>Urbano</span> <span class='ocrx_word' id='word_1_112' title='bbox 720 1214 783 1246; x_wconf 84' lang='lat' dir='ltr'>VIII</span> <span class='ocrx_word' id='word_1_113' title='bbox 809 1214 847 1247; x_wconf 87' lang='lat' dir='ltr'>ad</span> <span class='ocrx_word' id='word_1_114' title='bbox 873 1224 941 1247; x_wconf 90' lang='lat' dir='ltr'>cor-</span> 
     </span>
     <span class='ocr_line' id='line_1_24' title="bbox 206 1265 938 1309; baseline 0.003 -11"><span class='ocrx_word' id='word_1_115' title='bbox 206 1265 386 1299; x_wconf 87' lang='lat' dir='ltr'>rectionem</span> <span class='ocrx_word' id='word_1_116' title='bbox 410 1266 562 1299; x_wconf 87' lang='lat' dir='ltr'>breviarii</span> <span class='ocrx_word' id='word_1_117' title='bbox 578 1266 703 1300; x_wconf 87' lang='lat' dir='ltr'>romani</span> <span class='ocrx_word' id='word_1_118' title='bbox 721 1267 938 1309; x_wconf 86' lang='lat' dir='ltr'>recognitum,</span> 
     </span>
     <span class='ocr_line' id='line_1_25' title="bbox 206 1318 941 1363; baseline 0.003 -13"><span class='ocrx_word' id='word_1_119' title='bbox 206 1318 325 1352; x_wconf 89' lang='lat' dir='ltr'>missae</span> <span class='ocrx_word' id='word_1_120' title='bbox 349 1328 435 1359; x_wconf 90' lang='lat' dir='ltr'>vero,</span> <span class='ocrx_word' id='word_1_121' title='bbox 461 1319 587 1363; x_wconf 90' lang='lat' dir='ltr'>aliaque</span> <span class='ocrx_word' id='word_1_122' title='bbox 602 1319 634 1352; x_wconf 92' lang='lat' dir='ltr'>in</span> <span class='ocrx_word' id='word_1_123' title='bbox 649 1319 855 1352; x_wconf 78' lang='lat' dir='ltr'>hebdomada</span> <span class='ocrx_word' id='word_1_124' title='bbox 869 1330 941 1352; x_wconf 89' lang='lat' dir='ltr'>san-</span> 
     </span>
     <span class='ocr_line' id='line_1_26' title="bbox 207 1369 941 1410; baseline 0 -8"><span class='ocrx_word' id='word_1_125' title='bbox 207 1371 267 1410; x_wconf 75' lang='lat' dir='ltr'>cta,</span> <span class='ocrx_word' id='word_1_126' title='bbox 290 1370 341 1402; x_wconf 90' lang='lat' dir='ltr'>vel</span> <span class='ocrx_word' id='word_1_127' title='bbox 365 1369 442 1402; x_wconf 77' lang='lat' dir='ltr'>alias</span> <span class='ocrx_word' id='word_1_128' title='bbox 468 1374 625 1403; x_wconf 82' lang='lat' dir='ltr'>consueta</span> <span class='ocrx_word' id='word_1_129' title='bbox 649 1369 755 1402; x_wconf 86' lang='lat' dir='ltr'>officia</span> <span class='ocrx_word' id='word_1_130' title='bbox 779 1375 811 1403; x_wconf 89' lang='lat' dir='ltr'>et</span> <span class='ocrx_word' id='word_1_131' title='bbox 834 1380 941 1403; x_wconf 89' lang='lat' dir='ltr'>caere-</span> 
     </span>
     <span class='ocr_line' id='line_1_27' title="bbox 205 1422 941 1457; baseline 0.001 -2"><span class='ocrx_word' id='word_1_132' title='bbox 205 1422 333 1456; x_wconf 90' lang='lat' dir='ltr'>moniae</span> <span class='ocrx_word' id='word_1_133' title='bbox 357 1423 535 1456; x_wconf 87' lang='lat' dir='ltr'>secundum</span> <span class='ocrx_word' id='word_1_134' title='bbox 560 1423 695 1457; x_wconf 83' lang='lat' dir='ltr'>sormam</span> <span class='ocrx_word' id='word_1_135' title='bbox 719 1434 884 1457; x_wconf 86' lang='lat' dir='ltr'>romanam</span> <span class='ocrx_word' id='word_1_136' title='bbox 909 1428 941 1456; x_wconf 91' lang='lat' dir='ltr'>et</span> 
     </span>
     <span class='ocr_line' id='line_1_28' title="bbox 206 1475 911 1520; baseline 0.001 -12"><span class='ocrx_word' id='word_1_137' title='bbox 206 1475 427 1509; x_wconf 84' lang='lat' dir='ltr'>calendarium</span> <span class='ocrx_word' id='word_1_138' title='bbox 452 1476 679 1510; x_wconf 86' lang='lat' dir='ltr'>dioecesanum</span> <span class='ocrx_word' id='word_1_139' title='bbox 703 1483 911 1520; x_wconf 82' lang='lat' dir='ltr'>peragantur.</span> 
     </span>
    </p>
   </div>
   <div class='ocr_carea' id='block_1_5' title="bbox 197 1528 939 1573">
    <p class='ocr_par' dir='ltr' id='par_1_7' title="bbox 197 1528 939 1573">
     <span class='ocr_line' id='line_1_29' title="bbox 197 1528 939 1573; baseline 0.001 -12"><span class='ocrx_word' id='word_1_140' title='bbox 197 1533 199 1536; x_wconf 88' lang='lat'>&#39;</span> <span class='ocrx_word' id='word_1_141' title='bbox 249 1528 341 1562; x_wconf 83' lang='lat' dir='ltr'>Festa</span> <span class='ocrx_word' id='word_1_142' title='bbox 364 1539 447 1563; x_wconf 88' lang='lat' dir='ltr'>nova</span> <span class='ocrx_word' id='word_1_143' title='bbox 472 1539 509 1562; x_wconf 88' lang='lat' dir='ltr'>ex</span> <span class='ocrx_word' id='word_1_144' title='bbox 534 1535 710 1573; x_wconf 87' lang='lat' dir='ltr'>praecepto</span> <span class='ocrx_word' id='word_1_145' title='bbox 735 1531 939 1563; x_wconf 88' lang='lat' dir='ltr'>Summorum</span> 
     </span>
    </p>
   </div>
   <div class='ocr_carea' id='block_1_6' title="bbox 202 1581 942 2640">
    <p class='ocr_par' dir='ltr' id='par_1_8' title="bbox 205 1581 942 2158">
     <span class='ocr_line' id='line_1_30' title="bbox 205 1581 940 1627; baseline 0.001 -12"><span class='ocrx_word' id='word_1_146' title='bbox 205 1581 393 1616; x_wconf 79' lang='lat' dir='ltr'>Pontificum</span> <span class='ocrx_word' id='word_1_147' title='bbox 418 1583 578 1624; x_wconf 87' lang='lat' dir='ltr'>ordinata,</span> <span class='ocrx_word' id='word_1_148' title='bbox 594 1583 680 1616; x_wconf 91' lang='lat' dir='ltr'>inter</span> <span class='ocrx_word' id='word_1_149' title='bbox 704 1594 787 1627; x_wconf 87' lang='lat' dir='ltr'>quae</span> <span class='ocrx_word' id='word_1_150' title='bbox 812 1584 859 1617; x_wconf 90' lang='lat' dir='ltr'>Ss.</span> <span class='ocrx_word' id='word_1_151' title='bbox 877 1584 940 1616; x_wconf 81' lang='lat' dir='ltr'>An-</span> 
     </span>
     <span class='ocr_line' id='line_1_31' title="bbox 206 1635 939 1678; baseline 0 -9"><span class='ocrx_word' id='word_1_152' title='bbox 206 1636 352 1678; x_wconf 83' lang='lat' dir='ltr'>gelorum</span> <span class='ocrx_word' id='word_1_153' title='bbox 383 1635 561 1670; x_wconf 89' lang='lat' dir='ltr'>Custodum</span> <span class='ocrx_word' id='word_1_154' title='bbox 593 1647 665 1670; x_wconf 91' lang='lat' dir='ltr'>cum</span> <span class='ocrx_word' id='word_1_155' title='bbox 695 1639 803 1670; x_wconf 77' lang='lat' dir='ltr'>octava</span> <span class='ocrx_word' id='word_1_156' title='bbox 827 1637 939 1670; x_wconf 73' lang='lat' dir='ltr'>obscr-</span> 
     </span>
     <span class='ocr_line' id='line_1_32' title="bbox 205 1689 941 1723; baseline 0.001 -2"><span class='ocrx_word' id='word_1_157' title='bbox 205 1694 320 1721; x_wconf 87' lang='lat' dir='ltr'>ventur</span> <span class='ocrx_word' id='word_1_158' title='bbox 344 1694 376 1722; x_wconf 87' lang='lat' dir='ltr'>et</span> <span class='ocrx_word' id='word_1_159' title='bbox 399 1690 606 1723; x_wconf 86' lang='lat' dir='ltr'>celebrentur</span> <span class='ocrx_word' id='word_1_160' title='bbox 633 1689 666 1722; x_wconf 91' lang='lat' dir='ltr'>in</span> <span class='ocrx_word' id='word_1_161' title='bbox 693 1689 842 1723; x_wconf 89' lang='lat' dir='ltr'>omnibus</span> <span class='ocrx_word' id='word_1_162' title='bbox 873 1701 941 1722; x_wconf 90' lang='lat' dir='ltr'>mo-</span> 
     </span>
     <span class='ocr_line' id='line_1_33' title="bbox 206 1742 942 1786; baseline 0.001 -12"><span class='ocrx_word' id='word_1_163' title='bbox 206 1742 357 1775; x_wconf 86' lang='lat' dir='ltr'>nasteriis</span> <span class='ocrx_word' id='word_1_164' title='bbox 379 1748 508 1775; x_wconf 88' lang='lat' dir='ltr'>nostrae</span> <span class='ocrx_word' id='word_1_165' title='bbox 525 1742 809 1786; x_wconf 85' lang='lat' dir='ltr'>Congregationis;</span> <span class='ocrx_word' id='word_1_166' title='bbox 831 1743 942 1776; x_wconf 82' lang='lat' dir='ltr'>simili-</span> 
     </span>
     <span class='ocr_line' id='line_1_34' title="bbox 206 1794 940 1839; baseline 0.001 -12"><span class='ocrx_word' id='word_1_167' title='bbox 206 1799 256 1827; x_wconf 79' lang='lat' dir='ltr'>ter</span> <span class='ocrx_word' id='word_1_168' title='bbox 279 1795 360 1828; x_wconf 81' lang='lat' dir='ltr'>festa</span> <span class='ocrx_word' id='word_1_169' title='bbox 383 1794 511 1828; x_wconf 90' lang='lat' dir='ltr'>Ordinis</span> <span class='ocrx_word' id='word_1_170' title='bbox 540 1795 730 1828; x_wconf 87' lang='lat' dir='ltr'>auctoritate</span> <span class='ocrx_word' id='word_1_171' title='bbox 762 1797 940 1839; x_wconf 74' lang='lat' dir='ltr'>apostolica</span> 
     </span>
     <span class='ocr_line' id='line_1_35' title="bbox 206 1848 939 1891; baseline 0.004 -11"><span class='ocrx_word' id='word_1_172' title='bbox 206 1848 384 1891; x_wconf 84' lang='lat' dir='ltr'>approbata</span> <span class='ocrx_word' id='word_1_173' title='bbox 403 1854 435 1882; x_wconf 89' lang='lat' dir='ltr'>et</span> <span class='ocrx_word' id='word_1_174' title='bbox 453 1849 612 1882; x_wconf 87' lang='lat' dir='ltr'>celebrari</span> <span class='ocrx_word' id='word_1_175' title='bbox 633 1859 803 1889; x_wconf 86' lang='lat' dir='ltr'>concessa;</span> <span class='ocrx_word' id='word_1_176' title='bbox 826 1850 939 1883; x_wconf 83' lang='lat' dir='ltr'>festum</span> 
     </span>
     <span class='ocr_line' id='line_1_36' title="bbox 206 1901 940 1936; baseline 0.001 -2"><span class='ocrx_word' id='word_1_177' title='bbox 206 1907 314 1935; x_wconf 87' lang='lat' dir='ltr'>autem</span> <span class='ocrx_word' id='word_1_178' title='bbox 331 1901 654 1935; x_wconf 87' lang='lat' dir='ltr'>Commemorationis</span> <span class='ocrx_word' id='word_1_179' title='bbox 673 1902 704 1935; x_wconf 90' lang='lat' dir='ltr'>S.</span> <span class='ocrx_word' id='word_1_180' title='bbox 726 1902 759 1935; x_wconf 90' lang='lat' dir='ltr'>P.</span> <span class='ocrx_word' id='word_1_181' title='bbox 780 1902 815 1934; x_wconf 91' lang='lat' dir='ltr'>N.</span> <span class='ocrx_word' id='word_1_182' title='bbox 841 1903 940 1936; x_wconf 90' lang='lat' dir='ltr'>Bene-</span> 
     </span>
     <span class='ocr_line' id='line_1_37' title="bbox 207 1954 940 1996; baseline 0.003 -9"><span class='ocrx_word' id='word_1_183' title='bbox 207 1954 284 1987; x_wconf 81' lang='lat' dir='ltr'>dicti</span> <span class='ocrx_word' id='word_1_184' title='bbox 310 1964 340 1988; x_wconf 87' lang='lat' dir='ltr'>x1</span> <span class='ocrx_word' id='word_1_185' title='bbox 365 1954 434 1988; x_wconf 92' lang='lat' dir='ltr'>iulii</span> <span class='ocrx_word' id='word_1_186' title='bbox 459 1954 528 1988; x_wconf 89' lang='lat' dir='ltr'>sine</span> <span class='ocrx_word' id='word_1_187' title='bbox 554 1957 680 1996; x_wconf 58' lang='lat' dir='ltr'>octava,</span> <span class='ocrx_word' id='word_1_188' title='bbox 706 1960 773 1988; x_wconf 85' lang='lat' dir='ltr'>tum</span> <span class='ocrx_word' id='word_1_189' title='bbox 804 1961 836 1988; x_wconf 94' lang='lat' dir='ltr'>et</span> <span class='ocrx_word' id='word_1_190' title='bbox 860 1956 940 1989; x_wconf 79' lang='lat' dir='ltr'>festa</span> 
     </span>
     <span class='ocr_line' id='line_1_38' title="bbox 206 2007 938 2052; baseline 0.003 -12"><span class='ocrx_word' id='word_1_191' title='bbox 206 2007 414 2049; x_wconf 83' lang='lat' dir='ltr'>dioecesana,</span> <span class='ocrx_word' id='word_1_192' title='bbox 432 2013 508 2048; x_wconf 60' lang='lat' dir='ltr'>etc„</span> <span class='ocrx_word' id='word_1_193' title='bbox 524 2019 582 2052; x_wconf 93' lang='lat' dir='ltr'>pro</span> <span class='ocrx_word' id='word_1_194' title='bbox 596 2010 706 2052; x_wconf 88' lang='lat' dir='ltr'>quavis</span> <span class='ocrx_word' id='word_1_195' title='bbox 728 2010 878 2049; x_wconf 87' lang='lat' dir='ltr'>dioecesi,</span> <span class='ocrx_word' id='word_1_196' title='bbox 900 2010 938 2043; x_wconf 90' lang='lat' dir='ltr'>de</span> 
     </span>
     <span class='ocr_line' id='line_1_39' title="bbox 206 2062 938 2104; baseline 0.004 -11"><span class='ocrx_word' id='word_1_197' title='bbox 206 2062 461 2104; x_wconf 84' lang='lat' dir='ltr'>apostolicorum</span> <span class='ocrx_word' id='word_1_198' title='bbox 497 2062 703 2096; x_wconf 88' lang='lat' dir='ltr'>decretorum</span> <span class='ocrx_word' id='word_1_199' title='bbox 728 2063 938 2096; x_wconf 73' lang='lat' dir='ltr'>ordinatione</span> 
     </span>
     <span class='ocr_line' id='line_1_40' title="bbox 207 2115 677 2158; baseline 0.004 -12"><span class='ocrx_word' id='word_1_200' title='bbox 207 2118 239 2146; x_wconf 85' lang='lat' dir='ltr'>et</span> <span class='ocrx_word' id='word_1_201' title='bbox 262 2119 439 2158; x_wconf 90' lang='lat' dir='ltr'>praecepto</span> <span class='ocrx_word' id='word_1_202' title='bbox 464 2115 677 2148; x_wconf 84' lang='lat' dir='ltr'>observanda.</span> 
     </span>
    </p>

    <p class='ocr_par' dir='ltr' id='par_1_9' title="bbox 204 2167 940 2414">
     <span class='ocr_line' id='line_1_41' title="bbox 249 2167 938 2211; baseline 0.003 -11"><span class='ocrx_word' id='word_1_203' title='bbox 249 2167 374 2201; x_wconf 87' lang='lat' dir='ltr'>Pariter</span> <span class='ocrx_word' id='word_1_204' title='bbox 402 2167 463 2200; x_wconf 84' lang='lat' dir='ltr'>sub</span> <span class='ocrx_word' id='word_1_205' title='bbox 498 2167 560 2200; x_wconf 91' lang='lat' dir='ltr'>ritu</span> <span class='ocrx_word' id='word_1_206' title='bbox 598 2168 736 2211; x_wconf 89' lang='lat' dir='ltr'>duplicis</span> <span class='ocrx_word' id='word_1_207' title='bbox 776 2169 938 2202; x_wconf 85' lang='lat' dir='ltr'>secundae</span> 
     </span>
     <span class='ocr_line' id='line_1_42' title="bbox 205 2219 938 2261; baseline 0.003 -9"><span class='ocrx_word' id='word_1_208' title='bbox 205 2219 328 2261; x_wconf 87' lang='lat' dir='ltr'>classis,</span> <span class='ocrx_word' id='word_1_209' title='bbox 354 2220 435 2254; x_wconf 81' lang='lat' dir='ltr'>festa</span> <span class='ocrx_word' id='word_1_210' title='bbox 458 2220 490 2253; x_wconf 91' lang='lat' dir='ltr'>S.</span> <span class='ocrx_word' id='word_1_211' title='bbox 517 2220 647 2254; x_wconf 85' lang='lat' dir='ltr'>Henrici</span> <span class='ocrx_word' id='word_1_212' title='bbox 673 2221 762 2254; x_wconf 90' lang='lat' dir='ltr'>ducis</span> <span class='ocrx_word' id='word_1_213' title='bbox 787 2221 938 2255; x_wconf 87' lang='lat' dir='ltr'>Bavariae</span> 
     </span>
     <span class='ocr_line' id='line_1_43' title="bbox 205 2273 938 2317; baseline 0.001 -11"><span class='ocrx_word' id='word_1_214' title='bbox 205 2277 238 2305; x_wconf 87' lang='lat' dir='ltr'>et</span> <span class='ocrx_word' id='word_1_215' title='bbox 262 2273 479 2317; x_wconf 87' lang='lat' dir='ltr'>imperatoris,</span> <span class='ocrx_word' id='word_1_216' title='bbox 508 2283 638 2306; x_wconf 90' lang='lat' dir='ltr'>necnon</span> <span class='ocrx_word' id='word_1_217' title='bbox 666 2273 697 2306; x_wconf 89' lang='lat' dir='ltr'>S.</span> <span class='ocrx_word' id='word_1_218' title='bbox 720 2273 938 2316; x_wconf 86' lang='lat' dir='ltr'>Cunegundae</span> 
     </span>
     <span class='ocr_line' id='line_1_44' title="bbox 205 2326 940 2369; baseline 0.001 -10"><span class='ocrx_word' id='word_1_219' title='bbox 205 2327 365 2369; x_wconf 83' lang='lat' dir='ltr'>Augustae</span> <span class='ocrx_word' id='word_1_220' title='bbox 391 2332 423 2360; x_wconf 91' lang='lat' dir='ltr'>et</span> <span class='ocrx_word' id='word_1_221' title='bbox 447 2326 593 2360; x_wconf 81' lang='lat' dir='ltr'>ducissae</span> <span class='ocrx_word' id='word_1_222' title='bbox 619 2327 769 2359; x_wconf 82' lang='lat' dir='ltr'>Bavariae</span> <span class='ocrx_word' id='word_1_223' title='bbox 795 2328 940 2360; x_wconf 83' lang='lat' dir='ltr'>celebra-</span> 
     </span>
     <span class='ocr_line' id='line_1_45' title="bbox 204 2376 336 2414; baseline 0.008 -3"><span class='ocrx_word' id='word_1_224' title='bbox 204 2376 336 2414; x_wconf 85' lang='lat' dir='ltr'>buntur.</span> 
     </span>
    </p>

    <p class='ocr_par' dir='ltr' id='par_1_10' title="bbox 202 2432 938 2640">
     <span class='ocr_line' id='line_1_46' title="bbox 248 2432 935 2476; baseline 0 -10"><span class='ocrx_word' id='word_1_225' title='bbox 248 2432 292 2466; x_wconf 84' lang='lat' dir='ltr'>Ex</span> <span class='ocrx_word' id='word_1_226' title='bbox 316 2433 472 2476; x_wconf 83' lang='lat' dir='ltr'>singulari</span> <span class='ocrx_word' id='word_1_227' title='bbox 497 2432 700 2475; x_wconf 83' lang='lat' dir='ltr'>gratitudinis</span> <span class='ocrx_word' id='word_1_228' title='bbox 725 2432 935 2475; x_wconf 80' lang='lat' dir='ltr'>obligatione,</span> 
     </span>
     <span class='ocr_line' id='line_1_47' title="bbox 203 2485 938 2530; baseline 0 -10"><span class='ocrx_word' id='word_1_229' title='bbox 203 2494 275 2520; x_wconf 82' lang='lat' dir='ltr'>xxvi</span> <span class='ocrx_word' id='word_1_230' title='bbox 298 2487 436 2529; x_wconf 82' lang='lat' dir='ltr'>augusti,</span> <span class='ocrx_word' id='word_1_231' title='bbox 461 2497 525 2530; x_wconf 88' lang='lat' dir='ltr'>quo</span> <span class='ocrx_word' id='word_1_232' title='bbox 551 2486 601 2519; x_wconf 93' lang='lat' dir='ltr'>die</span> <span class='ocrx_word' id='word_1_233' title='bbox 626 2485 839 2528; x_wconf 81' lang='lat' dir='ltr'>Congregatio</span> <span class='ocrx_word' id='word_1_234' title='bbox 858 2486 938 2520; x_wconf 85' lang='lat' dir='ltr'>hacc</span> 
     </span>
     <span class='ocr_line' id='line_1_48' title="bbox 204 2538 938 2582; baseline 0 -10"><span class='ocrx_word' id='word_1_235' title='bbox 204 2544 316 2572; x_wconf 87' lang='lat' dir='ltr'>nostra</span> <span class='ocrx_word' id='word_1_236' title='bbox 350 2544 458 2572; x_wconf 89' lang='lat' dir='ltr'>erecta</span> <span class='ocrx_word' id='word_1_237' title='bbox 492 2543 548 2579; x_wconf 87' lang='lat' dir='ltr'>est,</span> <span class='ocrx_word' id='word_1_238' title='bbox 574 2548 633 2582; x_wconf 90' lang='lat' dir='ltr'>pro</span> <span class='ocrx_word' id='word_1_239' title='bbox 658 2538 743 2571; x_wconf 82' lang='lat' dir='ltr'>felici</span> <span class='ocrx_word' id='word_1_240' title='bbox 768 2548 938 2572; x_wconf 89' lang='lat' dir='ltr'>conserva-</span> 
     </span>
     <span class='ocr_line' id='line_1_49' title="bbox 202 2591 936 2640; baseline -0.003 -13"><span class='ocrx_word' id='word_1_241' title='bbox 202 2591 292 2635; x_wconf 62' lang='lat' dir='ltr'>tione</span> <span class='ocrx_word' id='word_1_242' title='bbox 326 2597 359 2626; x_wconf 89' lang='lat' dir='ltr'>et</span> <span class='ocrx_word' id='word_1_243' title='bbox 393 2591 553 2635; x_wconf 82' lang='lat' dir='ltr'>regImine</span> <span class='ocrx_word' id='word_1_244' title='bbox 589 2591 780 2640; x_wconf 80' lang='lat' dir='ltr'>sanctissimi</span> <span class='ocrx_word' id='word_1_245' title='bbox 816 2591 936 2639; x_wconf 83' lang='lat' dir='ltr'>domini</span> 
     </span>
    </p>
   </div>
   <div class='ocr_carea' id='block_1_7' title="bbox 805 213 1141 238">
    <p class='ocr_par' dir='ltr' id='par_1_11' title="bbox 805 213 1141 238">
     <span class='ocr_line' id='line_1_50' title="bbox 805 213 1141 238; baseline -0.006 0"><span class='ocrx_word' id='word_1_246' title='bbox 805 213 1015 238; x_wconf 58' lang='lat' dir='ltr'>1M³0CENT1US</span> <span class='ocrx_word' id='word_1_247' title='bbox 1036 214 1067 237; x_wconf 74' lang='lat' dir='ltr'>XI</span> <span class='ocrx_word' id='word_1_248' title='bbox 1091 213 1141 237; x_wconf 76' lang='lat' dir='ltr'>PP-</span> 
     </span>
    </p>
   </div>
   <div class='ocr_carea' id='block_1_8' title="bbox 980 258 1725 2572">
    <p class='ocr_par' dir='ltr' id='par_1_12' title="bbox 982 258 1718 559">
     <span class='ocr_line' id='line_1_51' title="bbox 982 258 1718 303; baseline -0.003 -10"><span class='ocrx_word' id='word_1_249' title='bbox 982 261 1083 293; x_wconf 88' lang='lat' dir='ltr'>nostri</span> <span class='ocrx_word' id='word_1_250' title='bbox 1108 258 1287 293; x_wconf 88' lang='lat' dir='ltr'>Innocentii</span> <span class='ocrx_word' id='word_1_251' title='bbox 1312 260 1417 303; x_wconf 81' lang='lat' dir='ltr'>Papae</span> <span class='ocrx_word' id='word_1_252' title='bbox 1442 259 1480 292; x_wconf 86' lang='lat' dir='ltr'>XI</span> <span class='ocrx_word' id='word_1_253' title='bbox 1505 259 1649 292; x_wconf 86' lang='lat' dir='ltr'>solemne</span> <span class='ocrx_word' id='word_1_254' title='bbox 1670 269 1718 292; x_wconf 86' lang='lat' dir='ltr'>sa-</span> 
     </span>
     <span class='ocr_line' id='line_1_52' title="bbox 982 313 1716 356; baseline 0.001 -11"><span class='ocrx_word' id='word_1_255' title='bbox 982 323 1070 346; x_wconf 91' lang='lat' dir='ltr'>crum</span> <span class='ocrx_word' id='word_1_256' title='bbox 1086 314 1125 346; x_wconf 92' lang='lat' dir='ltr'>de</span> <span class='ocrx_word' id='word_1_257' title='bbox 1143 313 1262 356; x_wconf 83' lang='lat' dir='ltr'>Spiritu</span> <span class='ocrx_word' id='word_1_258' title='bbox 1281 313 1406 354; x_wconf 78' lang='lat' dir='ltr'>Sancto,</span> <span class='ocrx_word' id='word_1_259' title='bbox 1428 318 1460 346; x_wconf 92' lang='lat' dir='ltr'>et</span> <span class='ocrx_word' id='word_1_260' title='bbox 1479 317 1553 356; x_wconf 88' lang='lat' dir='ltr'>post</span> <span class='ocrx_word' id='word_1_261' title='bbox 1569 318 1716 353; x_wconf 89' lang='lat' dir='ltr'>mortem,</span> 
     </span>
     <span class='ocr_line' id='line_1_53' title="bbox 983 366 1716 410; baseline 0.004 -13"><span class='ocrx_word' id='word_1_262' title='bbox 983 376 1079 408; x_wconf 87' lang='lat' dir='ltr'>quem</span> <span class='ocrx_word' id='word_1_263' title='bbox 1101 366 1183 398; x_wconf 87' lang='lat' dir='ltr'>Deus</span> <span class='ocrx_word' id='word_1_264' title='bbox 1207 366 1262 399; x_wconf 91' lang='lat' dir='ltr'>diu</span> <span class='ocrx_word' id='word_1_265' title='bbox 1294 371 1404 399; x_wconf 89' lang='lat' dir='ltr'>servet</span> <span class='ocrx_word' id='word_1_266' title='bbox 1432 366 1630 407; x_wconf 85' lang='lat' dir='ltr'>incolumen,</span> <span class='ocrx_word' id='word_1_267' title='bbox 1655 376 1716 410; x_wconf 92' lang='lat' dir='ltr'>pro</span> 
     </span>
     <span class='ocr_line' id='line_1_54' title="bbox 983 418 1718 463; baseline 0.004 -13"><span class='ocrx_word' id='word_1_268' title='bbox 983 418 1089 450; x_wconf 73' lang='lat' dir='ltr'>anima</span> <span class='ocrx_word' id='word_1_269' title='bbox 1126 419 1271 452; x_wconf 89' lang='lat' dir='ltr'>eiusdem</span> <span class='ocrx_word' id='word_1_270' title='bbox 1306 419 1564 452; x_wconf 88' lang='lat' dir='ltr'>anniversarium</span> <span class='ocrx_word' id='word_1_271' title='bbox 1599 429 1718 463; x_wconf 88' lang='lat' dir='ltr'>perpe·</span> 
     </span>
     <span class='ocr_line' id='line_1_55' title="bbox 983 471 1716 515; baseline 0.004 -13"><span class='ocrx_word' id='word_1_272' title='bbox 983 476 1071 503; x_wconf 88' lang='lat' dir='ltr'>tuum</span> <span class='ocrx_word' id='word_1_273' title='bbox 1088 471 1121 504; x_wconf 93' lang='lat' dir='ltr'>in</span> <span class='ocrx_word' id='word_1_274' title='bbox 1135 471 1285 505; x_wconf 88' lang='lat' dir='ltr'>omnibus</span> <span class='ocrx_word' id='word_1_275' title='bbox 1300 471 1568 515; x_wconf 83' lang='lat' dir='ltr'>Congregationis</span> <span class='ocrx_word' id='word_1_276' title='bbox 1587 479 1716 506; x_wconf 88' lang='lat' dir='ltr'>nostrae</span> 
     </span>
     <span class='ocr_line' id='line_1_56' title="bbox 982 524 1460 559; baseline 0.008 -4"><span class='ocrx_word' id='word_1_277' title='bbox 982 524 1187 556; x_wconf 86' lang='lat' dir='ltr'>monasteriis</span> <span class='ocrx_word' id='word_1_278' title='bbox 1211 525 1460 559; x_wconf 85' lang='lat' dir='ltr'>celebrabimus.</span> 
     </span>
    </p>

    <p class='ocr_par' dir='ltr' id='par_1_13' title="bbox 980 575 1721 1251">
     <span class='ocr_line' id='line_1_57' title="bbox 1026 575 1718 621; baseline 0.007 -13"><span class='ocrx_word' id='word_1_279' title='bbox 1026 575 1134 609; x_wconf 84' lang='lat' dir='ltr'>Officia</span> <span class='ocrx_word' id='word_1_280' title='bbox 1164 577 1292 610; x_wconf 84' lang='lat' dir='ltr'>minora</span> <span class='ocrx_word' id='word_1_281' title='bbox 1316 578 1348 611; x_wconf 91' lang='lat' dir='ltr'>B.</span> <span class='ocrx_word' id='word_1_282' title='bbox 1374 578 1513 621; x_wconf 85' lang='lat' dir='ltr'>Virginis</span> <span class='ocrx_word' id='word_1_283' title='bbox 1544 585 1577 612; x_wconf 89' lang='lat' dir='ltr'>et</span> <span class='ocrx_word' id='word_1_284' title='bbox 1599 579 1718 613; x_wconf 76' lang='lat' dir='ltr'>Defun-</span> 
     </span>
     <span class='ocr_line' id='line_1_58' title="bbox 982 629 1718 676; baseline 0.01 -16"><span class='ocrx_word' id='word_1_285' title='bbox 982 633 1118 669; x_wconf 85' lang='lat' dir='ltr'>ctorum,</span> <span class='ocrx_word' id='word_1_286' title='bbox 1144 629 1221 662; x_wconf 91' lang='lat' dir='ltr'>item</span> <span class='ocrx_word' id='word_1_287' title='bbox 1245 631 1360 673; x_wconf 88' lang='lat' dir='ltr'>psalmi</span> <span class='ocrx_word' id='word_1_288' title='bbox 1386 632 1557 673; x_wconf 83' lang='lat' dir='ltr'>graduales</span> <span class='ocrx_word' id='word_1_289' title='bbox 1583 637 1615 666; x_wconf 87' lang='lat' dir='ltr'>et</span> <span class='ocrx_word' id='word_1_290' title='bbox 1637 643 1718 676; x_wconf 88' lang='lat' dir='ltr'>poe·</span> 
     </span>
     <span class='ocr_line' id='line_1_59' title="bbox 982 681 1717 722; baseline 0.008 -9"><span class='ocrx_word' id='word_1_291' title='bbox 982 681 1174 722; x_wconf 82' lang='lat' dir='ltr'>nitentialeS,</span> <span class='ocrx_word' id='word_1_292' title='bbox 1200 683 1282 715; x_wconf 84' lang='lat' dir='ltr'>sieut</span> <span class='ocrx_word' id='word_1_293' title='bbox 1301 684 1397 716; x_wconf 87' lang='lat' dir='ltr'>etiam</span> <span class='ocrx_word' id='word_1_294' title='bbox 1414 684 1544 718; x_wconf 89' lang='lat' dir='ltr'>litaniae</span> <span class='ocrx_word' id='word_1_295' title='bbox 1565 685 1598 718; x_wconf 92' lang='lat' dir='ltr'>in</span> <span class='ocrx_word' id='word_1_296' title='bbox 1615 686 1717 719; x_wconf 90' lang='lat' dir='ltr'>choro</span> 
     </span>
     <span class='ocr_line' id='line_1_60' title="bbox 983 734 1717 781; baseline 0.007 -15"><span class='ocrx_word' id='word_1_297' title='bbox 983 734 1139 767; x_wconf 82' lang='lat' dir='ltr'>dicendae</span> <span class='ocrx_word' id='word_1_298' title='bbox 1178 741 1254 768; x_wconf 90' lang='lat' dir='ltr'>sunt</span> <span class='ocrx_word' id='word_1_299' title='bbox 1289 736 1418 779; x_wconf 87' lang='lat' dir='ltr'>quando</span> <span class='ocrx_word' id='word_1_300' title='bbox 1452 743 1484 770; x_wconf 88' lang='lat' dir='ltr'>et</span> <span class='ocrx_word' id='word_1_301' title='bbox 1519 738 1648 781; x_wconf 86' lang='lat' dir='ltr'>quoties</span> <span class='ocrx_word' id='word_1_302' title='bbox 1684 739 1717 771; x_wconf 92' lang='lat' dir='ltr'>in</span> 
     </span>
     <span class='ocr_line' id='line_1_61' title="bbox 980 786 1715 824; baseline 0.008 -6"><span class='ocrx_word' id='word_1_303' title='bbox 980 786 1120 819; x_wconf 71' lang='lat' dir='ltr'>imbricis</span> <span class='ocrx_word' id='word_1_304' title='bbox 1144 787 1294 820; x_wconf 86' lang='lat' dir='ltr'>breviarii</span> <span class='ocrx_word' id='word_1_305' title='bbox 1326 794 1458 822; x_wconf 85' lang='lat' dir='ltr'>notatur</span> <span class='ocrx_word' id='word_1_306' title='bbox 1483 796 1514 823; x_wconf 88' lang='lat' dir='ltr'>et</span> <span class='ocrx_word' id='word_1_307' title='bbox 1537 791 1715 824; x_wconf 83' lang='lat' dir='ltr'>ordinatur.</span> 
     </span>
     <span class='ocr_line' id='line_1_62' title="bbox 982 839 1719 881; baseline 0.007 -10"><span class='ocrx_word' id='word_1_308' title='bbox 982 839 1089 881; x_wconf 87' lang='lat' dir='ltr'>Ipsum</span> <span class='ocrx_word' id='word_1_309' title='bbox 1124 850 1203 873; x_wconf 90' lang='lat' dir='ltr'>vero</span> <span class='ocrx_word' id='word_1_310' title='bbox 1239 840 1381 874; x_wconf 84' lang='lat' dir='ltr'>officium</span> <span class='ocrx_word' id='word_1_311' title='bbox 1416 841 1619 876; x_wconf 85' lang='lat' dir='ltr'>beatissimae</span> <span class='ocrx_word' id='word_1_312' title='bbox 1650 843 1719 876; x_wconf 86' lang='lat' dir='ltr'>Vir-</span> 
     </span>
     <span class='ocr_line' id='line_1_63' title="bbox 982 891 1720 937; baseline 0.008 -14"><span class='ocrx_word' id='word_1_313' title='bbox 982 891 1074 933; x_wconf 83' lang='lat' dir='ltr'>ginis,</span> <span class='ocrx_word' id='word_1_314' title='bbox 1100 902 1157 925; x_wconf 89' lang='lat' dir='ltr'>seu</span> <span class='ocrx_word' id='word_1_315' title='bbox 1181 902 1294 926; x_wconf 87' lang='lat' dir='ltr'>cursus</span> <span class='ocrx_word' id='word_1_316' title='bbox 1318 894 1490 934; x_wconf 86' lang='lat' dir='ltr'>marianus,</span> <span class='ocrx_word' id='word_1_317' title='bbox 1507 895 1635 937; x_wconf 85' lang='lat' dir='ltr'>quando</span> <span class='ocrx_word' id='word_1_318' title='bbox 1654 906 1720 929; x_wconf 87' lang='lat' dir='ltr'>non</span> 
     </span>
     <span class='ocr_line' id='line_1_64' title="bbox 983 944 1720 985; baseline 0.008 -9"><span class='ocrx_word' id='word_1_319' title='bbox 983 944 1107 985; x_wconf 88' lang='lat' dir='ltr'>dicitur,</span> <span class='ocrx_word' id='word_1_320' title='bbox 1145 947 1322 980; x_wconf 87' lang='lat' dir='ltr'>secundum</span> <span class='ocrx_word' id='word_1_321' title='bbox 1353 947 1551 981; x_wconf 85' lang='lat' dir='ltr'>laudabilem</span> <span class='ocrx_word' id='word_1_322' title='bbox 1582 959 1720 982; x_wconf 88' lang='lat' dir='ltr'>consue-</span> 
     </span>
     <span class='ocr_line' id='line_1_65' title="bbox 983 997 1719 1045; baseline 0.008 -16"><span class='ocrx_word' id='word_1_323' title='bbox 983 997 1140 1038; x_wconf 88' lang='lat' dir='ltr'>tudinem,</span> <span class='ocrx_word' id='word_1_324' title='bbox 1166 1005 1311 1032; x_wconf 82' lang='lat' dir='ltr'>cessante</span> <span class='ocrx_word' id='word_1_325' title='bbox 1336 1000 1583 1044; x_wconf 88' lang='lat' dir='ltr'>impedimento‚</span> <span class='ocrx_word' id='word_1_326' title='bbox 1611 1001 1719 1045; x_wconf 89' lang='lat' dir='ltr'>quoti-</span> 
     </span>
     <span class='ocr_line' id='line_1_66' title="bbox 983 1049 1720 1095; baseline 0.008 -13"><span class='ocrx_word' id='word_1_327' title='bbox 983 1049 1034 1082; x_wconf 89' lang='lat' dir='ltr'>die</span> <span class='ocrx_word' id='word_1_328' title='bbox 1060 1050 1099 1083; x_wconf 86' lang='lat' dir='ltr'>ab</span> <span class='ocrx_word' id='word_1_329' title='bbox 1125 1052 1277 1084; x_wconf 90' lang='lat' dir='ltr'>omnibus</span> <span class='ocrx_word' id='word_1_330' title='bbox 1302 1052 1460 1095; x_wconf 86' lang='lat' dir='ltr'>privatim,</span> <span class='ocrx_word' id='word_1_331' title='bbox 1484 1054 1535 1086; x_wconf 91' lang='lat' dir='ltr'>vel</span> <span class='ocrx_word' id='word_1_332' title='bbox 1560 1055 1676 1087; x_wconf 84' lang='lat' dir='ltr'>saltem</span> <span class='ocrx_word' id='word_1_333' title='bbox 1702 1065 1720 1088; x_wconf 88' lang='lat' dir='ltr'>a</span> 
     </span>
     <span class='ocr_line' id='line_1_67' title="bbox 983 1103 1721 1147; baseline 0.009 -13"><span class='ocrx_word' id='word_1_334' title='bbox 983 1103 1133 1136; x_wconf 82' lang='lat' dir='ltr'>fratribus</span> <span class='ocrx_word' id='word_1_335' title='bbox 1153 1105 1334 1138; x_wconf 87' lang='lat' dir='ltr'>iunioribus</span> <span class='ocrx_word' id='word_1_336' title='bbox 1360 1107 1585 1147; x_wconf 89' lang='lat' dir='ltr'>communiter,</span> <span class='ocrx_word' id='word_1_337' title='bbox 1606 1117 1721 1140; x_wconf 89' lang='lat' dir='ltr'>secun-</span> 
     </span>
     <span class='ocr_line' id='line_1_68' title="bbox 984 1155 1719 1203; baseline 0.007 -15"><span class='ocrx_word' id='word_1_338' title='bbox 984 1155 1059 1188; x_wconf 88' lang='lat' dir='ltr'>dum</span> <span class='ocrx_word' id='word_1_339' title='bbox 1073 1157 1220 1190; x_wconf 89' lang='lat' dir='ltr'>ordinem</span> <span class='ocrx_word' id='word_1_340' title='bbox 1233 1157 1368 1200; x_wconf 87' lang='lat' dir='ltr'>abbatis,</span> <span class='ocrx_word' id='word_1_341' title='bbox 1387 1159 1421 1191; x_wconf 89' lang='lat' dir='ltr'>in</span> <span class='ocrx_word' id='word_1_342' title='bbox 1443 1159 1598 1203; x_wconf 86' lang='lat' dir='ltr'>capituIO,</span> <span class='ocrx_word' id='word_1_343' title='bbox 1616 1160 1719 1194; x_wconf 85' lang='lat' dir='ltr'>aliove</span> 
     </span>
     <span class='ocr_line' id='line_1_69' title="bbox 984 1209 1398 1251; baseline 0.007 -10"><span class='ocrx_word' id='word_1_344' title='bbox 984 1209 1054 1241; x_wconf 86' lang='lat' dir='ltr'>loco</span> <span class='ocrx_word' id='word_1_345' title='bbox 1078 1209 1209 1251; x_wconf 87' lang='lat' dir='ltr'>idoneo,</span> <span class='ocrx_word' id='word_1_346' title='bbox 1234 1210 1398 1244; x_wconf 84' lang='lat' dir='ltr'>recitetur.</span> 
     </span>
    </p>

    <p class='ocr_par' dir='ltr' id='par_1_14' title="bbox 983 1261 1725 1889">
     <span class='ocr_line' id='line_1_70' title="bbox 1027 1261 1718 1311; baseline 0.009 -17"><span class='ocrx_word' id='word_1_347' title='bbox 1027 1261 1173 1296; x_wconf 89' lang='lat' dir='ltr'>Ceterum</span> <span class='ocrx_word' id='word_1_348' title='bbox 1197 1263 1230 1296; x_wconf 93' lang='lat' dir='ltr'>in</span> <span class='ocrx_word' id='word_1_349' title='bbox 1263 1269 1358 1297; x_wconf 89' lang='lat' dir='ltr'>cantu</span> <span class='ocrx_word' id='word_1_350' title='bbox 1383 1270 1414 1298; x_wconf 88' lang='lat' dir='ltr'>et</span> <span class='ocrx_word' id='word_1_351' title='bbox 1437 1266 1631 1309; x_wconf 76' lang='lat' dir='ltr'>psalmodia,</span> <span class='ocrx_word' id='word_1_352' title='bbox 1658 1277 1718 1311; x_wconf 89' lang='lat' dir='ltr'>pro</span> 
     </span>
     <span class='ocr_line' id='line_1_71' title="bbox 983 1315 1718 1360; baseline 0.01 -14"><span class='ocrx_word' id='word_1_353' title='bbox 983 1315 1107 1348; x_wconf 88' lang='lat' dir='ltr'>maiore</span> <span class='ocrx_word' id='word_1_354' title='bbox 1127 1317 1176 1349; x_wconf 93' lang='lat' dir='ltr'>vel</span> <span class='ocrx_word' id='word_1_355' title='bbox 1200 1316 1324 1350; x_wconf 89' lang='lat' dir='ltr'>minore</span> <span class='ocrx_word' id='word_1_356' title='bbox 1342 1318 1531 1352; x_wconf 79' lang='lat' dir='ltr'>celebritate</span> <span class='ocrx_word' id='word_1_357' title='bbox 1552 1319 1718 1360; x_wconf 78' lang='lat' dir='ltr'>festorum,</span> 
     </span>
     <span class='ocr_line' id='line_1_72' title="bbox 984 1367 1719 1416; baseline 0.01 -17"><span class='ocrx_word' id='word_1_358' title='bbox 984 1378 1021 1400; x_wconf 90' lang='lat' dir='ltr'>ea</span> <span class='ocrx_word' id='word_1_359' title='bbox 1045 1367 1225 1402; x_wconf 80' lang='lat' dir='ltr'>differentia</span> <span class='ocrx_word' id='word_1_360' title='bbox 1249 1371 1414 1411; x_wconf 83' lang='lat' dir='ltr'>servanda,</span> <span class='ocrx_word' id='word_1_361' title='bbox 1433 1377 1468 1404; x_wconf 87' lang='lat' dir='ltr'>ut</span> <span class='ocrx_word' id='word_1_362' title='bbox 1488 1371 1519 1404; x_wconf 93' lang='lat' dir='ltr'>in</span> <span class='ocrx_word' id='word_1_363' title='bbox 1537 1373 1719 1416; x_wconf 82' lang='lat' dir='ltr'>praecipuis</span> 
     </span>
     <span class='ocr_line' id='line_1_73' title="bbox 984 1421 1720 1465; baseline 0.008 -12"><span class='ocrx_word' id='word_1_364' title='bbox 984 1421 1210 1455; x_wconf 79' lang='lat' dir='ltr'>festivitatibus</span> <span class='ocrx_word' id='word_1_365' title='bbox 1246 1422 1298 1456; x_wconf 90' lang='lat' dir='ltr'>SS.</span> <span class='ocrx_word' id='word_1_366' title='bbox 1330 1423 1513 1465; x_wconf 83' lang='lat' dir='ltr'>Trinitatis,</span> <span class='ocrx_word' id='word_1_367' title='bbox 1543 1425 1720 1459; x_wconf 84' lang='lat' dir='ltr'>Nativitatis</span> 
     </span>
     <span class='ocr_line' id='line_1_74' title="bbox 984 1474 1722 1518; baseline 0.008 -12"><span class='ocrx_word' id='word_1_368' title='bbox 984 1480 1015 1507; x_wconf 91' lang='lat' dir='ltr'>et</span> <span class='ocrx_word' id='word_1_369' title='bbox 1038 1474 1240 1518; x_wconf 85' lang='lat' dir='ltr'>Epiphaniae</span> <span class='ocrx_word' id='word_1_370' title='bbox 1265 1476 1403 1517; x_wconf 90' lang='lat' dir='ltr'>Domini,</span> <span class='ocrx_word' id='word_1_371' title='bbox 1429 1477 1604 1518; x_wconf 81' lang='lat' dir='ltr'>PaschatiS‚</span> <span class='ocrx_word' id='word_1_372' title='bbox 1640 1479 1722 1512; x_wconf 90' lang='lat' dir='ltr'>Pen-</span> 
     </span>
     <span class='ocr_line' id='line_1_75' title="bbox 985 1528 1721 1572; baseline 0.007 -13"><span class='ocrx_word' id='word_1_373' title='bbox 985 1532 1135 1567; x_wconf 81' lang='lat' dir='ltr'>teeostes,</span> <span class='ocrx_word' id='word_1_374' title='bbox 1160 1528 1396 1572; x_wconf 88' lang='lat' dir='ltr'>Assumptionis</span> <span class='ocrx_word' id='word_1_375' title='bbox 1422 1529 1630 1563; x_wconf 83' lang='lat' dir='ltr'>Beatissimae</span> <span class='ocrx_word' id='word_1_376' title='bbox 1654 1531 1721 1564; x_wconf 90' lang='lat' dir='ltr'>Vir-</span> 
     </span>
     <span class='ocr_line' id='line_1_76' title="bbox 984 1580 1721 1626; baseline 0.007 -14"><span class='ocrx_word' id='word_1_377' title='bbox 984 1580 1077 1622; x_wconf 87' lang='lat' dir='ltr'>ginis,</span> <span class='ocrx_word' id='word_1_378' title='bbox 1103 1580 1250 1614; x_wconf 86' lang='lat' dir='ltr'>Omnium</span> <span class='ocrx_word' id='word_1_379' title='bbox 1274 1581 1475 1623; x_wconf 85' lang='lat' dir='ltr'>Sanctorum,</span> <span class='ocrx_word' id='word_1_380' title='bbox 1505 1583 1552 1616; x_wconf 82' lang='lat' dir='ltr'>Ss.</span> <span class='ocrx_word' id='word_1_381' title='bbox 1580 1584 1721 1626; x_wconf 77' lang='lat' dir='ltr'>Angelo-</span> 
     </span>
     <span class='ocr_line' id='line_1_77' title="bbox 984 1633 1718 1676; baseline 0.008 -12"><span class='ocrx_word' id='word_1_382' title='bbox 984 1643 1053 1666; x_wconf 89' lang='lat' dir='ltr'>rum</span> <span class='ocrx_word' id='word_1_383' title='bbox 1078 1633 1271 1673; x_wconf 81' lang='lat' dir='ltr'>Custostmn,</span> <span class='ocrx_word' id='word_1_384' title='bbox 1306 1634 1337 1667; x_wconf 88' lang='lat' dir='ltr'>S.</span> <span class='ocrx_word' id='word_1_385' title='bbox 1365 1635 1545 1676; x_wconf 84' lang='lat' dir='ltr'>Benedicti,</span> <span class='ocrx_word' id='word_1_386' title='bbox 1579 1636 1718 1670; x_wconf 88' lang='lat' dir='ltr'>Patroci-</span> 
     </span>
     <span class='ocr_line' id='line_1_78' title="bbox 984 1685 1720 1729; baseline 0.008 -12"><span class='ocrx_word' id='word_1_387' title='bbox 984 1685 1051 1726; x_wconf 84' lang='lat' dir='ltr'>nii,</span> <span class='ocrx_word' id='word_1_388' title='bbox 1079 1691 1111 1718; x_wconf 90' lang='lat' dir='ltr'>et</span> <span class='ocrx_word' id='word_1_389' title='bbox 1134 1687 1352 1720; x_wconf 85' lang='lat' dir='ltr'>Dedicationis</span> <span class='ocrx_word' id='word_1_390' title='bbox 1392 1688 1556 1721; x_wconf 87' lang='lat' dir='ltr'>Ecclesiae</span> <span class='ocrx_word' id='word_1_391' title='bbox 1575 1715 1583 1729; x_wconf 91' lang='lat'>,</span> <span class='ocrx_word' id='word_1_392' title='bbox 1607 1690 1720 1724; x_wconf 87' lang='lat' dir='ltr'>laudes</span> 
     </span>
     <span class='ocr_line' id='line_1_79' title="bbox 984 1738 1725 1800; baseline 0.008 -30"><span class='ocrx_word' id='word_1_393' title='bbox 984 1738 1122 1781; x_wconf 86' lang='lat' dir='ltr'>integre,</span> <span class='ocrx_word' id='word_1_394' title='bbox 1141 1740 1187 1772; x_wconf 90' lang='lat' dir='ltr'>uti</span> <span class='ocrx_word' id='word_1_395' title='bbox 1205 1740 1301 1773; x_wconf 88' lang='lat' dir='ltr'>etiam</span> <span class='ocrx_word' id='word_1_396' title='bbox 1319 1741 1458 1784; x_wconf 85' lang='lat' dir='ltr'>hymnus</span> <span class='ocrx_word' id='word_1_397' title='bbox 1476 1742 1725 1800; x_wconf 24' lang='lat' dir='ltr'>ambrosianus&amp;</span> 
     </span>
     <span class='ocr_line' id='line_1_80' title="bbox 985 1791 1723 1837; baseline 0.008 -14"><span class='ocrx_word' id='word_1_398' title='bbox 985 1791 1060 1824; x_wconf 90' lang='lat' dir='ltr'>item</span> <span class='ocrx_word' id='word_1_399' title='bbox 1080 1791 1185 1825; x_wconf 88' lang='lat' dir='ltr'>Prima</span> <span class='ocrx_word' id='word_1_400' title='bbox 1209 1799 1304 1826; x_wconf 88' lang='lat' dir='ltr'>cantu</span> <span class='ocrx_word' id='word_1_401' title='bbox 1319 1794 1452 1834; x_wconf 85' lang='lat' dir='ltr'>chorali,</span> <span class='ocrx_word' id='word_1_402' title='bbox 1474 1796 1655 1829; x_wconf 87' lang='lat' dir='ltr'>secundum</span> <span class='ocrx_word' id='word_1_403' title='bbox 1676 1801 1723 1837; x_wconf 49' lang='lat' dir='ltr'>tog</span> 
     </span>
     <span class='ocr_line' id='line_1_81' title="bbox 984 1845 1538 1889; baseline 0.007 -13"><span class='ocrx_word' id='word_1_404' title='bbox 984 1854 1042 1877; x_wconf 87' lang='lat' dir='ltr'>nos</span> <span class='ocrx_word' id='word_1_405' title='bbox 1066 1845 1329 1889; x_wconf 85' lang='lat' dir='ltr'>antiphonarum,</span> <span class='ocrx_word' id='word_1_406' title='bbox 1357 1853 1538 1880; x_wconf 85' lang='lat' dir='ltr'>cantentur.</span> 
     </span>
    </p>

    <p class='ocr_par' dir='ltr' id='par_1_15' title="bbox 980 1897 1724 2572">
     <span class='ocr_line' id='line_1_82' title="bbox 1027 1897 1718 1944; baseline 0.007 -14"><span class='ocrx_word' id='word_1_407' title='bbox 1027 1897 1061 1930; x_wconf 89' lang='lat' dir='ltr'>In</span> <span class='ocrx_word' id='word_1_408' title='bbox 1086 1899 1288 1932; x_wconf 87' lang='lat' dir='ltr'>solemnitate</span> <span class='ocrx_word' id='word_1_409' title='bbox 1323 1900 1376 1933; x_wconf 89' lang='lat' dir='ltr'>SS.</span> <span class='ocrx_word' id='word_1_410' title='bbox 1403 1900 1553 1944; x_wconf 91' lang='lat' dir='ltr'>Corporis</span> <span class='ocrx_word' id='word_1_411' title='bbox 1589 1901 1718 1943; x_wconf 91' lang='lat' dir='ltr'>Christi,</span> 
     </span>
     <span class='ocr_line' id='line_1_83' title="bbox 984 1954 1717 1995; baseline 0.005 -11"><span class='ocrx_word' id='word_1_412' title='bbox 984 1956 1015 1984; x_wconf 88' lang='lat' dir='ltr'>et</span> <span class='ocrx_word' id='word_1_413' title='bbox 1038 1962 1096 1995; x_wconf 93' lang='lat' dir='ltr'>per</span> <span class='ocrx_word' id='word_1_414' title='bbox 1119 1957 1265 1986; x_wconf 87' lang='lat' dir='ltr'>octavam</span> <span class='ocrx_word' id='word_1_415' title='bbox 1294 1954 1473 1986; x_wconf 88' lang='lat' dir='ltr'>venerabili</span> <span class='ocrx_word' id='word_1_416' title='bbox 1508 1954 1717 1988; x_wconf 88' lang='lat' dir='ltr'>Sacramento</span> 
     </span>
     <span class='ocr_line' id='line_1_84' title="bbox 983 2005 1717 2051; baseline 0.004 -14"><span class='ocrx_word' id='word_1_417' title='bbox 983 2005 1110 2047; x_wconf 89' lang='lat' dir='ltr'>publice</span> <span class='ocrx_word' id='word_1_418' title='bbox 1147 2007 1306 2049; x_wconf 75' lang='lat' dir='ltr'>exposito,</span> <span class='ocrx_word' id='word_1_419' title='bbox 1343 2007 1461 2040; x_wconf 88' lang='lat' dir='ltr'>missae</span> <span class='ocrx_word' id='word_1_420' title='bbox 1496 2012 1528 2040; x_wconf 89' lang='lat' dir='ltr'>et</span> <span class='ocrx_word' id='word_1_421' title='bbox 1562 2018 1717 2051; x_wconf 86' lang='lat' dir='ltr'>vesperae</span> 
     </span>
     <span class='ocr_line' id='line_1_85' title="bbox 983 2059 1715 2102; baseline 0.003 -11"><span class='ocrx_word' id='word_1_422' title='bbox 983 2059 1171 2092; x_wconf 87' lang='lat' dir='ltr'>solemniter</span> <span class='ocrx_word' id='word_1_423' title='bbox 1188 2059 1412 2101; x_wconf 87' lang='lat' dir='ltr'>decantentur;</span> <span class='ocrx_word' id='word_1_424' title='bbox 1430 2060 1578 2093; x_wconf 89' lang='lat' dir='ltr'>similiter</span> <span class='ocrx_word' id='word_1_425' title='bbox 1596 2060 1715 2102; x_wconf 89' lang='lat' dir='ltr'>Tertia,</span> 
     </span>
     <span class='ocr_line' id='line_1_86' title="bbox 982 2110 1717 2153; baseline 0.004 -10"><span class='ocrx_word' id='word_1_426' title='bbox 982 2112 1040 2152; x_wconf 87' lang='lat' dir='ltr'>vel,</span> <span class='ocrx_word' id='word_1_427' title='bbox 1058 2110 1091 2143; x_wconf 94' lang='lat' dir='ltr'>in</span> <span class='ocrx_word' id='word_1_428' title='bbox 1108 2112 1222 2145; x_wconf 90' lang='lat' dir='ltr'>diebus</span> <span class='ocrx_word' id='word_1_429' title='bbox 1238 2111 1361 2153; x_wconf 86' lang='lat' dir='ltr'>ieiunii,</span> <span class='ocrx_word' id='word_1_430' title='bbox 1379 2112 1481 2152; x_wconf 83' lang='lat' dir='ltr'>Sexta,</span> <span class='ocrx_word' id='word_1_431' title='bbox 1499 2111 1603 2146; x_wconf 88' lang='lat' dir='ltr'>ultra¹</span> <span class='ocrx_word' id='word_1_432' title='bbox 1622 2111 1717 2146; x_wconf 84' lang='lat' dir='ltr'>nimi·</span> 
     </span>
     <span class='ocr_line' id='line_1_87' title="bbox 982 2165 1718 2199; baseline 0.003 -2"><span class='ocrx_word' id='word_1_433' title='bbox 982 2175 1051 2197; x_wconf 91' lang='lat' dir='ltr'>rum</span> <span class='ocrx_word' id='word_1_434' title='bbox 1076 2165 1258 2198; x_wconf 88' lang='lat' dir='ltr'>immediate</span> <span class='ocrx_word' id='word_1_435' title='bbox 1285 2176 1444 2198; x_wconf 88' lang='lat' dir='ltr'>summum</span> <span class='ocrx_word' id='word_1_436' title='bbox 1475 2165 1615 2198; x_wconf 85' lang='lat' dir='ltr'>officium</span> <span class='ocrx_word' id='word_1_437' title='bbox 1640 2166 1718 2199; x_wconf 90' lang='lat' dir='ltr'>mis-</span> 
     </span>
     <span class='ocr_line' id='line_1_88' title="bbox 982 2219 1706 2261; baseline 0.003 -11"><span class='ocrx_word' id='word_1_438' title='bbox 982 2229 1034 2252; x_wconf 77' lang='lat' dir='ltr'>sae</span> <span class='ocrx_word' id='word_1_439' title='bbox 1078 2219 1249 2258; x_wconf 83' lang='lat' dir='ltr'>antecedit,</span> <span class='ocrx_word' id='word_1_440' title='bbox 1290 2229 1419 2261; x_wconf 88' lang='lat' dir='ltr'>semper</span> <span class='ocrx_word' id='word_1_441' title='bbox 1457 2219 1616 2252; x_wconf 84' lang='lat' dir='ltr'>cantanda</span> <span class='ocrx_word' id='word_1_442' title='bbox 1655 2225 1706 2252; x_wconf 84' lang='lat' dir='ltr'>est</span> 
     </span>
     <span class='ocr_line' id='line_1_89' title="bbox 983 2272 1714 2314; baseline 0.001 -10"><span class='ocrx_word' id='word_1_443' title='bbox 983 2272 1064 2304; x_wconf 91' lang='lat' dir='ltr'>sicut</span> <span class='ocrx_word' id='word_1_444' title='bbox 1101 2277 1133 2305; x_wconf 90' lang='lat' dir='ltr'>et</span> <span class='ocrx_word' id='word_1_445' title='bbox 1155 2272 1313 2314; x_wconf 80' lang='lat' dir='ltr'>Vesperae</span> <span class='ocrx_word' id='word_1_446' title='bbox 1348 2281 1407 2314; x_wconf 86' lang='lat' dir='ltr'>per</span> <span class='ocrx_word' id='word_1_447' title='bbox 1442 2277 1545 2304; x_wconf 88' lang='lat' dir='ltr'>totum</span> <span class='ocrx_word' id='word_1_448' title='bbox 1584 2282 1714 2313; x_wconf 86' lang='lat' dir='ltr'>annum,</span> 
     </span>
     <span class='ocr_line' id='line_1_90' title="bbox 982 2324 1714 2367; baseline 0 -10"><span class='ocrx_word' id='word_1_449' title='bbox 982 2326 1124 2367; x_wconf 88' lang='lat' dir='ltr'>itemque</span> <span class='ocrx_word' id='word_1_450' title='bbox 1141 2324 1404 2367; x_wconf 86' lang='lat' dir='ltr'>Completorium,</span> <span class='ocrx_word' id='word_1_451' title='bbox 1428 2325 1557 2367; x_wconf 88' lang='lat' dir='ltr'>quando</span> <span class='ocrx_word' id='word_1_452' title='bbox 1575 2324 1714 2358; x_wconf 81' lang='lat' dir='ltr'>officium</span> 
     </span>
     <span class='ocr_line' id='line_1_91' title="bbox 982 2377 1716 2420; baseline 0 -9"><span class='ocrx_word' id='word_1_453' title='bbox 982 2379 1098 2411; x_wconf 86' lang='lat' dir='ltr'>Beatae</span> <span class='ocrx_word' id='word_1_454' title='bbox 1123 2377 1261 2420; x_wconf 78' lang='lat' dir='ltr'>Virginis</span> <span class='ocrx_word' id='word_1_455' title='bbox 1284 2387 1348 2410; x_wconf 93' lang='lat' dir='ltr'>non</span> <span class='ocrx_word' id='word_1_456' title='bbox 1378 2377 1592 2420; x_wconf 85' lang='lat' dir='ltr'>subiungitur.</span> <span class='ocrx_word' id='word_1_457' title='bbox 1626 2378 1716 2411; x_wconf 88' lang='lat' dir='ltr'>Aliae</span> 
     </span>
     <span class='ocr_line' id='line_1_92' title="bbox 981 2426 1723 2481; baseline 0 -17"><span class='ocrx_word' id='word_1_458' title='bbox 981 2432 1081 2465; x_wconf 83' lang='lat' dir='ltr'>horae</span> <span class='ocrx_word' id='word_1_459' title='bbox 1106 2431 1273 2474; x_wconf 84' lang='lat' dir='ltr'>psallendo</span> <span class='ocrx_word' id='word_1_460' title='bbox 1297 2430 1437 2473; x_wconf 84' lang='lat' dir='ltr'>persolvi</span> <span class='ocrx_word' id='word_1_461' title='bbox 1469 2436 1613 2474; x_wconf 90' lang='lat' dir='ltr'>possunt,</span> <span class='ocrx_word' id='word_1_462' title='bbox 1643 2426 1723 2481; x_wconf 66' lang='lat' dir='ltr'>cum¹</span> 
     </span>
     <span class='ocr_line' id='line_1_93' title="bbox 981 2483 1724 2528; baseline 0.004 -12"><span class='ocrx_word' id='word_1_463' title='bbox 981 2485 1134 2528; x_wconf 87' lang='lat' dir='ltr'>gravitate</span> <span class='ocrx_word' id='word_1_464' title='bbox 1159 2489 1267 2517; x_wconf 84' lang='lat' dir='ltr'>tamen</span> <span class='ocrx_word' id='word_1_465' title='bbox 1292 2489 1324 2516; x_wconf 92' lang='lat' dir='ltr'>et</span> <span class='ocrx_word' id='word_1_466' title='bbox 1348 2483 1508 2524; x_wconf 88' lang='lat' dir='ltr'>distincte,</span> <span class='ocrx_word' id='word_1_467' title='bbox 1525 2484 1634 2528; x_wconf 89' lang='lat' dir='ltr'>pausis</span> <span class='ocrx_word' id='word_1_468' title='bbox 1655 2485 1724 2526; x_wconf 63' lang='lat' dir='ltr'>rite.</span> 
     </span>
     <span class='ocr_line' id='line_1_94' title="bbox 980 2543 1127 2572; baseline 0 -1"><span class='ocrx_word' id='word_1_469' title='bbox 980 2543 1127 2572; x_wconf 80' lang='lat' dir='ltr'>servatis.</span> 
     </span>
    </p>
   </div>
   <div class='ocr_carea' id='block_1_9' title="bbox 1016 2595 1705 2641">
    <p class='ocr_par' dir='ltr' id='par_1_16' title="bbox 1016 2595 1705 2641">
     <span class='ocr_line' id='line_1_95' title="bbox 1016 2595 1705 2641; baseline 0.003 -14"><span class='ocrx_word' id='word_1_470' title='bbox 1016 2601 1028 2627; x_wconf 85' lang='lat'>1</span> <span class='ocrx_word' id='word_1_471' title='bbox 1050 2599 1158 2628; x_wconf 76' lang='lat' dir='ltr'>Comma</span> <span class='ocrx_word' id='word_1_472' title='bbox 1176 2598 1385 2639; x_wconf 68' lang='lat' dir='ltr'>istud-corrigat</span> <span class='ocrx_word' id='word_1_473' title='bbox 1401 2598 1579 2637; x_wconf 29' lang='lat' dir='ltr'>lectorrscius</span> <span class='ocrx_word' id='word_1_474' title='bbox 1593 2600 1633 2641; x_wconf 74' lang='lat' dir='ltr'>(a.</span> <span class='ocrx_word' id='word_1_475' title='bbox 1647 2595 1705 2639; x_wconf 58' lang='lat' dir='ltr'>m)</span> 
     </span>
    </p>
   </div>
   <div class='ocr_carea' id='block_1_10' title="bbox 1613 200 1906 239">
    <p class='ocr_par' dir='ltr' id='par_1_17' title="bbox 1613 200 1906 239">
     <span class='ocr_line' id='line_1_96' title="bbox 1613 200 1906 239; baseline 0.014 -6"><span class='ocrx_word' id='word_1_476' title='bbox 1613 200 1677 234; x_wconf 76' lang='lat'>653</span> <span class='ocrx_word' id='word_1_477' title='bbox 1722 210 1775 236; x_wconf 68' lang='lat' dir='ltr'>An„</span> <span class='ocrx_word' id='word_1_478' title='bbox 1791 210 1820 237; x_wconf 81' lang='lat' dir='ltr'>c.</span> <span class='ocrx_word' id='word_1_479' title='bbox 1840 211 1906 239; x_wconf 73' lang='lat'>1686</span> 
     </span>
    </p>
   </div>
  </div>
 </body>
</html>
