2111 3157
67 201 117 228 An.
139 201 169 227 C.
190 200 255 227 5685

85 1639 171 1660 Seecios
181 1638 237 1658 tacit.

256 253 289 281 et
320 248 617 289 consuetudinibus,
644 248 823 292 privilegiis
847 259 988 292 quoque,

255 301 390 334 indultis
412 307 443 334 et
463 302 578 335 litteris
598 302 783 345 apostolicis
808 302 841 335 in
862 307 989 335 contra-

255 354 338 387 rium
362 355 612 398 praemissorum
647 355 896 398 quomodolibet
919 365 991 387 con-

255 407 369 447 cessis,
391 407 586 440 confirmatis
608 414 640 440 et
663 408 845 447 innovatis;
872 408 989 450 quibus

255 460 406 493 omnibus
439 466 470 493 et
505 461 661 503 singulis,
696 462 824 494 illorum
860 466 989 493 tenores

254 513 481 555 praesentibus
513 524 572 556 pro
605 514 700 556 plene
734 519 764 546 et
793 512 991 545 sufficienter

254 565 414 608 expressis
432 576 468 598 ac
485 566 523 599 de
543 566 639 598 verbo
657 566 695 598 ad
714 566 845 598 verbnm
862 565 990 597 insertis

254 617 421 658 habentes,
435 618 499 650 illis
513 619 591 651 alias
602 618 634 650 in
645 628 701 651 suo
714 619 832 651 robore
847 628 990 660 perman-

253 670 355 710 suris,
382 671 421 703 ad
450 671 699 713 praemissorum
733 670 903 711 effectum,
931 671 990 702 hac

252 723 320 755 vice
347 723 531 763 dumtaxat,
564 723 749 766 specialiter
774 729 805 755 et
837 733 988 766 expresse

252 775 464 819 derogamus;
504 777 684 820 ceterisque
717 776 886 809 contrariis
919 777 989 820 qui-

251 828 464 872 buseumque.

295 881 408 914 Datum
433 882 564 923 Romae,
591 884 677 927 apud
710 883 740 916 S.
770 883 898 916 Mariam
925 884 987 916 Ma-

251 935 369 976 iorem,
396 936 456 968 sub
483 937 601 969 annulo
634 936 820 976 piscatoris,
843 937 893 970 die
917 947 987 970 xxw

249 987 388 1020 ianuarii
428 998 602 1028 noctxxxxg
637 990 844 1032 pontificatus
883 990 985 1023 nostri

251 1051 335 1075 anno
363 1052 404 1075 ix.

285 1102 342 1136 Dat.
364 1103 407 1131 die
427 1104 461 1130 24
481 1105 594 1132 ianuarii
616 1106 694 1139 1684,
715 1106 808 1141 pontif.
826 1114 896 1134 anno
912 1113 947 1134 tx.

541 1222 694 1255 CXLVIll.

251 1291 468 1333 Confirmalur
491 1293 647 1325 ‹lecrelum
666 1293 806 1337 capituli
825 1294 984 1336 qeneralis

294 1342 428 1376 Ordinis
454 1345 671 1378 cisterciensis
684 1347 767 1378 circa
785 1347 985 1389 reformatio-

290 1407 362 1429 nem
388 1398 618 1430 monachorum
644 1403 673 1431 et
697 1399 895 1432 monialium
922 1400 982 1432 Po-

292 1449 410 1491 loniae,
429 1451 584 1484 Prussiae
608 1456 636 1484 ec
660 1451 893 1486 LiUzuaniae'.

422 1521 619 1549 Innocentius
641 1523 719 1557 Papa
739 1523 792 1556 x1,

389 1567 426 1593 ad
446 1567 581 1594 futuram
600 1568 646 1595 rei
666 1569 847 1610 memoriam.

294 1627 309 1670 ἓ
325 1627 356 1660 ’1.
379 1627 501 1672 Exponi
519 1629 613 1662 nobis
631 1640 736 1673 nuper
750 1631 825 1663 fecit
851 1631 985 1664 dilectus

250 1681 334 1713 silius
351 1680 488 1715 Ioannes
506 1683 662 1716 Antonius
678 1684 775 1717 abbas
801 1685 984 1718 monasterii

251 1733 404 1767 Stamedii
429 1741 461 1767 et
484 1742 679 1778 procurator
710 1739 872 1779 generalis
896 1738 987 1771 Ordi-

252 1786 300 1818 nis
325 1786 565 1828 Cistereiensis,
591 1790 686 1832 qnod,
712 1801 783 1822 cum
818 1792 895 1823 alias
930 1803 988 1834 per

251 1839 514 1874 constitutionem
540 1842 641 1874 felicis
660 1843 893 1877 recordationis
918 1846 988 1878 Ale-

252 1892 364 1924 xandri
399 1892 485 1936 Papa
509 1894 558 1926 Vll
583 1895 845 1937 praedecessoris
870 1898 985 1937 nostri,

253 1944 304 1977 die
324 1955 353 1978 ix
370 1946 481 1989 aprilis
497 1957 636 1981 MDCvai
655 1954 834 1982 emanatam
852 1960 910 1993 pro
936 1962 989 1993 ge-

255 1998 355 2030 nerali
378 1998 454 2031 dicti
471 1997 599 2032 Ordinis
621 2002 858 2042 reformatione,
880 2005 989 2043 multa,

255 2057 286 2083 et
309 2051 446 2084 maxime
472 2051 556 2084 cirea
581 2053 710 2086 abbates
737 2060 767 2087 et
793 2056 988 2099 superiores,

255 2109 374 2137 statuta
398 2105 530 2144 suerint,
554 2106 700 2150 dictaque
727 2109 911 2142 constitutio
937 2111 991 2142 de-

255 2157 320 2190 bite
347 2156 470 2190 suerat²
494 2164 657 2201 acceptata
683 2161 713 2192 in
739 2161 882 2194 eiusdem
901 2163 992 2195 Ordi-

257 2211 306 2242 nis
331 2211 473 2254 capitulo
499 2212 642 2253 generali
661 2214 733 2245 anni
755 2216 937 2257 sequentis,
957 2227 993 2248 ae

258 2263 355 2297 etiam
379 2264 411 2296 in
437 2265 499 2297 alio
532 2266 617 2308 quod
649 2276 734 2299 anno
765 2277 916 2301 :tinetxxil
941 2280 992 2302 ee-

295 2372 304 2397 1
330 2370 490 2397 Reformatio
511 2371 573 2398 dicti
593 2371 697 2398 Ordinis
723 2372 791 2399 faeta
812 2373 861 2399 snit
880 2374 913 2400 ab
935 2375 994 2401 Ale·

259 2416 361 2442 xandro
381 2415 427 2441 Vll
449 2416 555 2442 constit.
577 2415 620 2442 ed.
642 2423 767 2447 MDCval.
788 2418 831 2443 die
846 2419 875 2445 19
890 2419 992 2453 aprilis,

260 2463 336 2494 pont.
357 2466 402 2486 Mi.
427 2459 458 2485 t-Jt
476 2460 573 2487 similia
593 2460 702 2487 decreta
730 2462 838 2496 capituli
861 2464 994 2496 generalis

263 2508 352 2530 extant
371 2505 396 2529 in
419 2503 564 2531 lnnocentii
591 2505 638 2532 ΧΙΙ
665 2506 772 2533 constit.
799 2506 841 2533 ed.
862 2513 939 2542 nnec,
964 2509 992 2535 17

263 2547 402 2580 februarii,
425 2553 495 2583 pont.
520 2557 555 2575 ix.

300 2591 316 2619 2
336 2592 429 2627 Aptius
448 2593 505 2628 logo
524 2594 616 2628 suerit
637 2599 670 2624 (r.
693 2594 741 2629 r.)-

838 200 1050 231 INNOCENTII'S
1072 201 1102 224 XI
1128 201 1176 224 Μ’.

1663 188 1724 221 611
1773 197 1871 224 An.c.
1889 198 1958 225 ines

1032 249 1188 281 lebratum
1213 247 1281 287 snit,
1307 247 1338 279 in
1365 246 1480 290 quibus
1513 246 1649 290 diligens
1674 247 1766 280 habi-

1033 307 1080 333 tus
1106 307 1153 334 est
1182 306 1332 334 tractatus
1365 302 1404 334 de
1437 301 1581 334 eiusdem
1611 302 1765 335 constitu-

1034 354 1129 386 tionis
1154 355 1393 394 observatione;
1420 356 1592 397 capitulum
1612 356 1766 398 generale

1033 406 1106 438 dicti
1137 406 1263 439 Ordinis
1300 408 1479 449 novissime,
1500 408 1651 442 videlieet
1681 419 1765 442 anno

1032 468 1224 499 MDCLxxxni,
1244 460 1398 501 habitum,
1421 463 1508 496 iuxta
1533 464 1684 506 quasdam
1710 474 1767 496 no-

1032 516 1111 543 stras
1135 511 1167 543 in
1193 512 1287 545 simili
1314 514 1415 547 forma
1440 515 1547 549 Brevis
1572 516 1694 550 litteras
1719 517 1765 550 illi

1033 564 1182 605 directas,
1203 567 1294 599 unice
1320 568 1477 602 intentum
1498 571 1692 604 restitutioni
1719 572 1766 605 di-

1032 616 1186 659 sciplinae
1219 621 1387 661 regularis⁷
1415 632 1486 654 cnm
1522 624 1698 666 aeeepisset
1734 625 1763 657 in

1032 668 1176 710 Polonia,
1205 672 1332 705 Prnssia
1364 679 1393 706 et
1427 675 1598 709 Lithuania
1633 678 1764 710 minime

1031 722 1193 754 observari
1219 725 1416 766 praedictam
1450 729 1708 764 constitutionem
1733 742 1765 764 a·

1031 775 1230 816 postolicam,
1258 778 1427 821 variosque
1452 781 1572 814 abusus
1593 782 1764 826 irrepsisse

987 843 991 846 -
1031 827 1062 859 in
1088 828 1290 871 superiorum
1315 837 1345 863 et
1370 835 1602 868 monachornm
1621 838 1764 870 moribus

1031 885 1060 912 et
1087 882 1203 923 agendi
1236 884 1375 925 ratione,
1410 886 1463 928 qni
1501 888 1652 921 seandalo
1692 896 1766 923 sunt

1030 934 1248 967 saecularibus
1265 938 1422 979 personis,
1438 945 1469 971 et
1489 940 1534 972 eis
1555 951 1663 974 ansam
1678 952 1767 985 prae-

1029 986 1104 1019 bent
1123 987 1269 1021 inhiandi
1296 991 1564 1026 administrationi
1590 994 1657 1027 sive
1681 1006 1766 1028 com-

1029 1040 1152 1072 mendis
1178 1044 1448 1078 monasteriorum
1473 1045 1505 1078 in
1531 1046 1594 1080 illis
1619 1048 1764 1090 partibus

1029 1092 1284 1135 consistentium,
1304 1101 1338 1128 ut
1356 1097 1404 1129 his
1423 1098 1635 1132 incommodis
1654 1111 1765 1134 occur-

1028 1150 1124 1185 reret,
1152 1149 1302 1189 generale
1328 1150 1493 1183 decretum
1512 1152 1612 1185 edidit
1630 1155 1764 1196 tenoris,

1027 1198 1079 1241 qui
1106 1200 1261 1242 sequitur,
1288 1202 1454 1236 videlieet:

1077 1264 1088 1282 «
1113 1252 1190 1290 Onia
1215 1255 1391 1297 capitulum
1418 1260 1572 1299 generale
1598 1261 1692 1303 plene
1718 1262 1763 1295 in·
1817 1298 1820 1301 ,
1845 1271 1956 1302 meretum

1027 1306 1196 1339 formatum
1224 1309 1330 1341 existit
1366 1310 1404 1342 de
1444 1313 1633 1346 necessitate
1667 1300 1957 1348 rosor-iffl};²'¹¹'ai1'{'„'.‘„'

1027 1359 1175 1392 mationis
1218 1363 1488 1396 monasteriorum
1538 1366 1690 1400 Poloniae
1732 1357 1957 1409 i11iiiif1iliiiii'2=¹¹r÷⁰-

1027 1418 1165 1455 utruque
1191 1419 1284 1454 statu,
1312 1423 1500 1449 reverenter
1523 1420 1695 1452 commisit*
1714 1432 1764 1455 re·
1774 1405 1847 1451 1111111110
1858 1408 1957 1452 εἶ’ἶὲιιᾎιὲ

1026 1465 1257 1499 verendissimo
1283 1468 1414 1502 domino
1434 1476 1557 1511 nostro,
1580 1478 1615 1505 ut
1632 1473 1671 1506 ad
1693 1474 1763 1507 illas
1774 1457 1804 1478 dn
1822 1457 1864 1478 vu*

1027 1524 1136 1561 partes
1162 1521 1398 1564 quamprimum
1435 1525 1579 1558 accedat.
1611 1525 1702 1564 Quod
1737 1528 1763 1561 si

1028 1572 1112 1605 idem
1139 1575 1422 1608 reverendissimus
1445 1577 1528 1610 lianc
1550 1579 1764 1613 visitationem

1029 1636 1087 1668 per
1112 1637 1143 1658 se
1170 1627 1273 1659 faeere
1300 1639 1365 1660 non
1390 1631 1501 1672 possit,
1533 1632 1618 1665 idem
1644 1634 1765 1677 eapitu-

1030 1679 1094 1710 lnm
1110 1681 1263 1719 generale
1278 1681 1337 1723 ipsi
1361 1684 1554 1726 supplicavit
1571 1691 1605 1717 ut
1623 1686 1766 1720 visitato—

1031 1742 1095 1763 rem
1112 1743 1220 1765 ¹¹unum
1242 1739 1296 1765 ant
1320 1736 1429 1777 plnres
1447 1737 1552 1769 mittat
1576 1738 1608 1771 in
1623 1740 1767 1782 plenaria

1030 1784 1156 1817 Ordinis
1182 1792 1353 1828 potestate,
1372 1789 1424 1831 qni
1446 1790 1553 1823 omnia
1578 1798 1719 1825 statuant
1736 1798 1767 1826 et
1801 1810 1803 1813 ·

1032 1838 1216 1878 reforment,
1244 1851 1324 1882 quae
1357 1842 1493 1876 viderint
1524 1845 1691 1887 expedire.
1718 1845 1768 1878 In-

1033 1891 1122 1922 terim
1149 1897 1252 1924 antem
1279 1894 1455 1936 eapitnlum
1491 1899 1641 1938 generale
1677 1909 1768 1931 man-

1033 1943 1087 1975 dat
1110 1949 1141 1975 ut
1169 1945 1207 1976 al)
1234 1946 1401 1979 abhatibus
1418 1975 1425 1988 ‚
1453 1950 1619 1983 monachis
1645 1957 1677 1984 et
1700 1963 1768 1985 mo-

1033 1996 1171 2029 nialibus
1197 1997 1347 2031 Poloniae
1373 2006 1405 2032 et
1430 2001 1577 2036 Prussiae
1599 2003 1769 2037 inviolabi-

1034 2049 1105 2081 liter
1122 2050 1312 2082 observetur
1330 2052 1427 2085 Breve
1450 2055 1621 2088 Alexandri
1639 2056 1765 2097 antt,

1035 2103 1119 2134 iuxta
1140 2104 1224 2145 qnod
1246 2114 1353 2137 mores
1375 2116 1449 2139 suos
1467 2114 1672 2151 componant.
1696 2109 1770 2152 Spe-

1035 2154 1159 2187 eialiter
1182 2161 1287 2189 antem
1312 2158 1486 2201 capitulum
1512 2162 1664 2203 generale
1682 2172 1770 2204 prae—

1035 2208 1115 2251 cipit
1138 2209 1306 2243 abbatibus
1331 2217 1364 2244 nt
1389 2213 1575 2247 abstineant
1600 2226 1616 2247 a
1642 2215 1770 2258 quibus-

1036 2262 1114 2294 libet.
1138 2264 1281 2296 restibus
1311 2265 1444 2307 sericis,
1473 2269 1670 2311 sumptuosis
1695 2279 1771 2302 con-

1036 2317 1147 2357 viriis,
1173 2329 1346 2351 numeroso
1372 2320 1525 2353 famulatu
1546 2349 1553 2362 ‚
1580 2328 1612 2355 et
1636 2333 1652 2355 a
1673 2323 1771 2365 longa

1037 2377 1123 2403 extra
1166 2373 1361 2405 monasteria
1398 2384 1455 2407 sua
1493 2376 1768 2417 commoratione;

1037 2425 1118 2457 bona
1144 2436 1273 2457 mensae
1298 2437 1372 2459 snae
1398 2428 1565 2461 abbatialis
1591 2429 1622 2461 in
1648 2440 1772 2473 repara·

1038 2478 1123 2511 tion«,¹
1149 2479 1372 2512 aedificiorum
1398 2486 1429 2513 et
1460 2483 1609 2524 augendo
1635 2493 1770 2515 numero

1038 2534 1272 2565 monachorum
1310 2533 1517 2577 impendant;
1545 2535 1619 2568 item
1645 2536 1772 2568 mittant

1037 2581 1182 2619 iuniores
1207 2589 1382 2621 monachos
1411 2589 1449 2621 ad
1475 2589 1580 2621 studia
1605 2590 1689 2633 apud
1715 2589 1773 2622 Su*
