2111 3157
14 200 67 229 An.
85 199 115 227 C.
135 196 201 227 1679

32 2252 128 2272 Pontifex
140 2257 189 2272 con-

5 2277 74 2298 firmat
88 2281 110 2300 ut
125 2279 145 2300 in
156 2285 190 2300 ru·

5 2304 72 2326 buca.

205 247 319 281 Sedem
344 247 562 291 apostolicam
586 248 789 292 protectoris,
815 248 936 291 suppli-

205 312 274 334 cem
309 302 453 335 libellum
488 313 586 345 super
609 302 795 345 praemissis
821 312 935 345 porre-

204 361 287 387 ctum
308 354 434 387 remisit
458 355 562 388 cidem
582 355 754 387 Francisco
780 354 934 398 episcopo

204 407 356 440 cardinali
396 413 428 440 et
467 407 644 450 protectori
683 411 718 439 ut
757 407 932 449 praefatum

204 460 335 493 abusum
370 460 403 492 in
437 461 603 504 praedicta
637 460 802 502 provincia
838 459 932 492 etiam

203 512 261 544 sub
286 510 399 555 poenis
423 513 485 556 ipsi
510 513 668 546 benevisis
686 512 818 545 omnino
843 513 933 545 tolle-

202 564 304 597 rent⁴.
323 565 394 608 Ipse
412 576 489 598 vero
510 565 681 608 episcopus
703 570 735 597 et
759 564 932 598 cardinalis

204 622 373 659 protector,
397 618 587 650 auctoritate
604 618 665 649 sibi
683 628 741 660 per
757 618 932 660 praefatam

201 669 487 712 Congregationem
506 670 666 710 attributa,
686 671 849 703 decretum
871 671 934 703 edi-

202 721 247 754 dit
271 723 389 755 tenoris
407 723 459 765 qui
477 723 632 765 sequitur,
649 723 813 756 videlicet:
845 736 857 754 α
880 724 932 755 Αι-

202 775 299 806 tentis
324 775 486 817 expositis,
513 775 702 808 auctoritate
723 776 817 808 nobis
841 786 858 808 a
883 786 932 808 sa-

201 829 252 860 cra
273 828 529 870 Congregatione
553 829 720 869 attributa,
745 828 858 871 illique
883 829 931 861 in-

200 881 373 920 haerendo,
390 886 462 919 etc..
478 881 536 914 ne³
550 881 588 914 de
603 886 710 914 cetero
729 882 842 914 fratres
858 882 929 915 laici

199 944 253 966 sou
279 934 434 974 conversi,
462 934 516 977 qui
542 935 574 967 in
598 939 764 976 posterum
782 935 820 967 ad
840 934 930 966 habi-

200 990 267 1018 tum
308 996 365 1018 seu
397 987 636 1029 professionem
662 986 693 1018 in
719 989 929 1029 praenarrata

198 1038 361 1080 provincia
385 1038 512 1071 Siciliae
545 1039 642 1071 Tertii
667 1038 795 1071 Ordinis
829 1039 929 1072 sancti

200 1089 574 1124 Francisci·admittendi
601 1097 704 1130 erunt,
729 1092 839 1134 quovis
872 1092 929 1124 sub

198 1147 375 1184 praetextu,
402 1143 548 1186 quaesito
581 1145 687 1177 colore
713 1145 762 1177 vel
788 1144 927 1186 ingenio,

199 1195 295 1227 etiam
319 1195 444 1228 ratione
469 1197 659 1239 antiquioris
686 1207 761 1229 suae
787 1198 825 1229 ad
845 1198 929 1229 babi-

200 1253 265 1280 tum
295 1249 477 1290 regularem
507 1249 583 1282 dicti
611 1249 738 1282 Ordinis
770 1251 930 1293 receptio-

200 1300 257 1340 nis,
275 1306 328 1333 aut
350 1301 381 1333 in
408 1311 446 1334 eo
472 1301 605 1334 emissae
631 1302 852 1344 professionis,
874 1313 929 1335 seu

198 1353 336 1385 cuiusvis
361 1354 625 1393 consuetudinis,
652 1354 767 1387 fratres
794 1355 929 1387 clericos

197 1405 341 1438 eiusdem
367 1406 493 1439 Ordinis
514 1407 545 1438 in
564 1407 733 1449 quibusvis
759 1407 931 1439 functioni-

196 1459 256 1491 bus
278 1463 339 1491 tam
357 1459 495 1502 publicis
521 1470 617 1502 «piam
639 1460 784 1503 privatis,
804 1471 930 1493 necnon

196 1511 229 1544 in
255 1511 332 1544 locis
357 1518 389 1545 et
413 1513 534 1545 actibus
560 1513 931 1557 quibuscumque‚prae-

198 1565 331 1604 cedere,
372 1571 403 1597 ct
440 1575 480 1597 ne
518 1566 709 1608 quicumque
745 1566 931 1608 superiores

198 1617 343 1650 elusdem
379 1617 507 1650 Ordinis
542 1618 573 1650 id
612 1619 764 1661 deinceps
801 1629 930 1662 quoquo

197 1670 292 1702 modo
305 1669 489 1712 permittere
505 1670 699 1703 audeantvel
714 1676 929 1713 praesumant,

197 1722 254 1754 sub
273 1722 616 1755 excommunicationis
635 1725 740 1765 poena
758 1723 829 1766 ipso
848 1724 930 1756 sacto

196 1784 257 1818 pro
275 1774 581 1807 contrafacientibus
598 1775 802 1815 incurrendir,
822 1781 931 1808 tenore

198 1827 417 1870 praesentium
455 1828 639 1868 statuimus,
675 1828 862 1861 ordinamus
901 1834 932 1861 et

198 1880 425 1922 probibemus3
452 1880 483 1912 in
509 1881 706 1913 contrarium
741 1884 932 1924 praenotata

198 1933 431 1965 consuetudine
450 1938 480 1965 et
497 1933 567 1965 aliis
589 1933 844 1976 quibuscumque
865 1944 931 1966 non

198 1984 412 2017 obstantibus.
451 1985 484 2017 In
519 1996 679 2028 quorum,
715 1992 776 2018 etc.
817 1987 930 2019 Datum

198 2036 318 2070 Romae
342 2037 374 2069 in
400 2038 519 2080 palatio
555 2038 769 2071 Cancellariae
795 2039 933 2082 Aposto-

197 2089 278 2122 licae
297 2090 357 2122 hac
370 2090 420 2123 die
434 2100 486 2123 xix
499 2087 607 2133 aprilis
621 2100 789 2124 unetxxix.

265 2143 300 2175 Α.
317 2143 489 2175 cardinalis
515 2144 715 2176 Brinnssnmrs
739 2149 917 2187 protector.

285 2196 369 2228 Loco
394 2195 495 2238 sigilli
522 2208 552 2229 ».

244 2249 258 2292 ἓ
283 2248 314 2281 2.
341 2249 418 2281 Cum
442 2255 559 2289 autem,
575 2250 658 2282 sicut
682 2251 847 2293 praefatus
873 2252 933 2284 Bo-

199 2307 379 2334 naventura
402 2302 494 2334 nobis
530 2302 665 2334 subinde
695 2304 811 2346 exponi
838 2304 933 2343 fecit,

199 2353 269 2397 ipse
295 2355 459 2388 decretum
486 2355 691 2395 huiusmodi,
722 2366 786 2399 quo
813 2357 934 2388 tirmius

200 2406 355 2439 subsistat
379 2413 411 2440 et
435 2412 580 2440 servetur
605 2408 757 2448 exactius,
784 2409 934 2451 apostoli-

200 2469 255 2492 cae
295 2459 550 2493 confirmationis
586 2466 715 2493 nostrae
755 2462 933 2504 patrocinio

235 2531 248 2559 ¹
271 2530 371 2558 Forsan
393 2531 503 2559 tolleret
522 2532 558 2566 (n.
574 2532 621 2566 τ.).

235 2573 254 2603 2
267 2573 366 2602 Vocem
385 2583 420 2603 ne
440 2583 488 2603 nos
505 2575 627 2603 addimus
645 2577 686 2612 (n.
703 2576 754 2612 τ.).

793 198 867 224 INNO
874 199 1005 224 CEN'rlvs
1025 200 1056 225 Χῖ
1082 197 1130 224 PP.

979 249 1169 282 communiri
1202 258 1406 293 summopere
1433 248 1611 282 desideret:
1637 259 1706 287 uos,

977 301 1082 344 ipsum
1117 303 1371 336 Bonaventuram
1402 307 1643 345 procuratorem
1677 306 1711 333 et

978 355 1229 388 commissarium
1255 356 1439 398 generalem
1457 354 1651 397 specialibus
1670 354 1709 386 sa·

976 408 1107 440 veribus
1133 413 1165 441 et
1189 409 1300 451 gratiis
1324 408 1476 451 prosequi
1500 408 1656 446 volentes,
1678 411 1711 439 et

977 470 993 491 a
1013 460 1175 502 quibusvis
1200 460 1551 500 exconummicationis,
1577 470 1709 502 suspen-

977 512 1075 545 sionis
1093 519 1123 546 et
1140 513 1313 553 interdicti,
1334 514 1468 556 aliisque
1487 513 1709 545 ecclesiasticis

977 565 1155 604 sententiis,
1173 565 1317 598 censuris
1336 570 1367 598 et
1383 565 1506 608 poeuis,
1533 576 1550 597 a
1574 565 1642 597 iure
1660 566 1707 597 vel

976 618 1013 650 ab
1039 619 1182 658 bomine,
1218 618 1326 661 quavis
1351 618 1520 650 occasione
1544 619 1593 650 vel
1615 620 1709 649 causa

976 670 1056 709 latis,
1076 670 1100 701 si
1123 670 1238 713 quibus
1268 670 1511 712 quomodolibet
1536 669 1709 702 innodatus

976 722 1090 761 existit,
1106 723 1143 755 ad
1157 722 1302 755 cil'ectum
1316 721 1532 764 praesentium
1548 722 1711 754 dumtaxat

975 775 1247 818 consequendum,
1267 775 1379 807 barum
1404 775 1486 806 serie
1505 774 1710 806 absolventes

975 833 1006 860 et
1030 829 1213 861 absolutum
1239 828 1307 860 sore
1334 832 1515 866 censentes,
1543 827 1731 869 supplicas

1588 873 1602 884 ir

976 880 1117 912 tionibus
1143 880 1212 912 eius
1238 880 1368 912 nomine
1398 878 1491 911 nobis
1516 889 1615 920 super
1649 879 1710 911 boc

975 933 1142 965 humiliter
1159 932 1318 975 porrectis
1342 931 1507 968 inclinati,
1544 931 1710 963 decretum

974 985 1209 1028 praeinsertum
1235 994 1252 1016 a
1277 989 1455 1016 memorato
1488 983 1659 1016 Francisco
1679 994 1711 1015 e-

973 1039 1109 1081 piscopo
1136 1037 1291 1070 cardinali
1317 1042 1349 1069 et
1381 1041 1563 1079 protectore
1590 1037 1711 1069 editum

973 1096 1008 1123 ut
1031 1092 1221 1134 praefertur,
1248 1100 1318 1123 cum
1344 1089 1492 1123 omnibus
1515 1094 1545 1121 et
1572 1088 1711 1130 singulis

973 1144 1004 1176 in
1031 1155 1068 1177 eo
1093 1143 1272 1182 contentis,
1300 1143 1487 1175 auctoritate
1513 1142 1700 1184 apostolica,

975 1202 1085 1229 tenore
1111 1195 1340 1238 praesentium,
1356 1195 1571 1238 approbamus
1592 1201 1623 1226 et
1641 1205 1712 1227 con-

974 1249 1160 1287 firmamus,
1187 1248 1298 1291 illique
1324 1247 1520 1280 inviolabilis
1553 1248 1710 1290 apostoli-

974 1312 1029 1334 cae
1045 1301 1203 1333 firmitatis
1224 1300 1322 1332 robur
1341 1300 1519 1339 adiicimus,
1539 1311 1574 1332 ac
1600 1311 1711 1332 omnes

974 1359 1005 1387 et
1025 1354 1169 1396 singulos
1190 1354 1268 1386 iuris
1283 1359 1314 1386 et
1332 1353 1403 1385 sacti
1429 1353 1587 1392 desectus,
1607 1353 1632 1385 si
1658 1354 1713 1384 de-

974 1416 1072 1449 super
1096 1405 1345 1449 quomodolibet
1369 1405 1618 1445 intervenerint,
1639 1416 1714 1448 sup-

974 1460 1115 1502 plemus.

1019 1513 1032 1555 §
1058 1512 1088 1545 3.
1117 1513 1335 1545 Decernentes
1369 1512 1497 1545 easdem
1522 1516 1712 1555 praesentes

975 1565 1098 1597 litteras
1125 1575 1255 1608 semper
1279 1565 1395 1604 sirmas,
1415 1566 1536 1597 validas
1555 1571 1586 1597 et
1606 1566 1712 1597 effica—

976 1627 1028 1650 ces
1055 1617 1192 1649 existere
1218 1622 1249 1649 et
1273 1617 1350 1658 sore,
1380 1627 1519 1660 suosque
1546 1617 1711 1659 plenarios

977 1674 1008 1702 et
1031 1669 1175 1711 integros
1197 1669 1331 1702 effeetus
1357 1670 1465 1702 sortiri
1495 1675 1527 1702 et
1554 1670 1710 1709 obtinere,

976 1733 1011 1755 ac
1043 1722 1131 1762 illis,
1156 1723 1194 1755 ad
1233 1733 1313 1765 quos
1350 1728 1473 1766 spectat
1498 1728 1529 1755 et
1554 1734 1611 1765 pro
1637 1729 1714 1755 tem-

976 1786 1055 1818 pore
1085 1776 1254 1818 spectabit,
1280 1777 1467 1819 plenissime
1487 1776 1662 1818 suffragari,
1682 1782 1714 1808 et

976 1829 1014 1860 ab
1033 1828 1077 1861 eis
1092 1830 1272 1871 respective
1292 1829 1521 1862 inviolabiliter
1537 1830 1710 1869 observari,

976 1881 1086 1924 sieque
1116 1882 1147 1913 in
1180 1882 1367 1924 praemissis
1403 1893 1462 1925 per
1494 1893 1712 1925 quoscumque

976 1934 1100 1967 iudices
1125 1935 1305 1967 ordinarios
1337 1941 1368 1968 et
1399 1936 1579 1978 delegatos,
1618 1936 1713 1967 etiam

977 1997 1145 2019 causarum
1182 1988 1291 2030 palatii
1327 1989 1495 2031 apostolici
1528 1988 1711 2027 auditores,

977 2039 1113 2072 iudicari
1141 2045 1171 2072 et
1196 2040 1321 2073 definiri
1347 2041 1489 2082 debere,
1525 2052 1560 2072 ac
1584 2041 1712 2072 irritum

977 2098 1008 2125 et
1032 2093 1126 2125 inane
1147 2093 1171 2125 si
1197 2104 1292 2125 secus
1317 2104 1416 2136 super
1433 2094 1482 2126 bis
1503 2104 1519 2125 a
1537 2104 1711 2136 quoquam,

977 2146 1085 2188 quavis
1111 2146 1310 2187 auctoritate,
1326 2147 1465 2179 scienter
1488 2148 1537 2179 vel
1562 2146 1715 2189 ignoran-

977 2203 1034 2238 ter,
1061 2199 1233 2241 contigerit
1257 2200 1417 2232 attentari.

1020 2252 1033 2294 ἓ
1063 2251 1094 2283 [ι.
1121 2251 1189 2284 Nou
1219 2252 1422 2284 obstantibus
1452 2251 1649 2295 praemissis,
1678 2258 1908 2312 acdeffggtffuriorum

976 2304 1261 2337 constitutionibus
1286 2310 1317 2337 et
1344 2305 1605 2338 ordinationibus
1638 2316 1715 2348 apo—

977 2357 1116 2396 stolicis,
1150 2368 1276 2390 necnon
1301 2358 1463 2401 praefatae
1500 2359 1711 2401 provinciae,

977 2410 1072 2441 etiam
1092 2410 1287 2451 iuramento,
1314 2410 1560 2444 confirmatione
1585 2417 1716 2454 aposto-

977 2463 1052 2502 lica,
1078 2464 1127 2495 vel
1154 2463 1264 2505 quavis
1285 2463 1436 2495 firmitate
1457 2464 1518 2496 alia
1542 2465 1714 2505 roboratis,

977 2515 1104 2548 statutis
1135 2521 1167 2547 et
1199 2517 1506 2557 consuetudiniluis,
1534 2518 1714 2560 privilegiis

977 2579 1117 2613 quoque,
1137 2568 1270 2602 indultis
1292 2573 1322 2602 et
1343 2569 1456 2603 litteris
1477 2570 1663 2614 apostolicis
1682 2570 1715 2605 in

1605 189 1668 224 ¹179
1715 199 1762 225 An.
1782 198 1808 225 c.
1834 198 1901 226 iero

1750 1521 1862 1543 Claimilae
