2111 3157
87 223 140 252 An.
163 222 192 250 C.
211 223 277 250 lost

275 271 495 314 parochorum
520 271 722 315 aliorumque
751 271 1007 306 cohabitantium

857 223 1067 248 INNOCENTIUS
1089 224 1120 247 §tl
1146 223 1194 247 PP-

1095 280 1195 305 cxxxr.
1222 270 1355 314 singulo
1380 270 1545 311 trimestri,
1569 270 1635 303 sive
1653 270 1785 313 quibus-

275 325 489 358 1'elationibus
519 325 625 358 minus
662 330 808 359 accurate
841 325 1006 358 observari
1049 324 1094 357 vis
1119 325 1195 357 anni
1220 324 1438 367 quartalibus‚
1457 324 1621 357 ordinarie
1642 324 1785 366 praesidi

275 375 565 420 deprehenderint,
584 378 683 411 verbo
701 383 733 411 et
749 387 847 421 opere
864 377 907 410 ad
921 377 1007 410 debi-

274 434 339 463 tam
357 431 614 466 observationem
631 431 785 465 reducere
801 435 970 465 conentur.

318 492 420 517 CXXIX.
447 483 638 517 Gravamina
661 488 692 517 et
714 483 920 517 difficultates
944 483 1006 515 sin-

273 536 420 578 gulorum
452 537 601 577 audient,
635 541 668 569 et
697 546 757 580 pro
788 535 1004 579 possibilitate

272 588 508 622 sublevabunt:
537 599 676 632 quorum
704 588 816 621 dilatio
845 588 914 620 fieri
939 598 1004 623 non

269 645 384 684 potest,
397 646 428 674 et
442 641 571 675 maioris
584 641 740 675 momenti
756 645 842 681 sunt,
856 641 1004 684 superio-

270 693 359 727 ribus
372 694 479 727 statim
492 694 698 735 intimabunt,
709 699 886 736 eorumque
900 694 1003 737 dispo-

268 746 439 788 sitionem,
472 757 565 790 quarn
598 756 669 780 cum
699 747 883 780 necessario
914 757 1003 790 prae-

268 799 352 832 scitu
369 805 402 833 et
418 810 580 833 consensu
597 800 861 833 reverendissimi
880 800 1000 833 domini

266 851 426 886 Ordinarii
444 853 579 886 fecerint
595 854 643 886 vel
657 852 725 886 sieri
744 854 999 896 procuraverint,

266 905 412 939 studiose
437 908 660 949 exequantur:
682 917 765 949 quae
783 913 859 940 vero
876 916 999 939 moram

264 957 442 1001 patiuntur,
454 959 627 1002 diligenter
639 959 848 1000 annotabam,
861 964 896 991 ut
912 969 1001 1002 prae-

266 1010 329 1045 sidi
365 1011 558 1045 dioecesano
595 1012 735 1055 desuper
769 1022 828 1045 suo
855 1017 999 1054 tempore

265 1063 415 1097 ordinate
432 1064 555 1097 referre
577 1064 723 1107 possint:
739 1064 908 1097 notificent
925 1064 1000 1097 item

264 1116 517 1160 uniuscuiusque
536 1117 677 1160 genium,
696 1122 857 1160 quatenus
876 1116 913 1149 ad
939 1127 1001 1149 me-

264 1168 381 1203 liorem
399 1170 667 1213 gubernationem
686 1174 718 1203 et
734 1171 872 1203 salutem
893 1169 1001 1212 requi-

264 1222 291 1254 ri
318 1222 461 1256 videtur:
487 1229 784 1266 praemoneantque
810 1229 934 1255 mature
959 1223 998 1255 dc

264 1275 456 1309 necessariis
480 1275 714 1309 mutationibus
739 1281 771 1308 et
794 1275 917 1308 morbis
946 1286 1000 1318 pa-

265 1328 450 1368 rochorum,
468 1333 504 1360 ut
527 1328 714 1371 superiores
738 1333 864 1362 mature
890 1328 1000 1370 singu-

264 1380 304 1414 lis
329 1381 508 1424 providere,
524 1386 555 1414 et
579 1381 779 1416 necessarias
811 1381 999 1424 dispositio-

262 1443 322 1467 nes
346 1434 464 1475 facere,
489 1441 542 1468 aut
562 1435 601 1469 ab
620 1434 684 1468 illis
702 1445 841 1478 quorum
866 1435 999 1470 interest

263 1491 298 1519 ut
322 1486 400 1520 fiant
423 1497 539 1521 curare
563 1488 702 1521 valeant.

309 1548 397 1573 cxxx.
424 1539 455 1573 Si
480 1539 586 1573 officio
611 1541 744 1583 publico
765 1541 880 1574 decani
902 1541 997 1573 simul

264 1592 454 1636 funguntur,
476 1593 721 1627 considerantes
738 1594 903 1637 duplicem
923 1594 1000 1627 obe-

264 1646 407 1680 dientiae
433 1646 602 1687 ordinem,
627 1646 660 1679 in
686 1647 725 1680 iis
747 1657 829 1689 quae
850 1657 1000 1679 reveren-

265 1699 475 1732 dissimorum
512 1699 719 1732 dominorum
751 1699 999 1732 Ordinariorum

263 1757 360 1792 sunt,
387 1761 499 1784 eorum
534 1751 752 1791 officialibus,
782 1751 815 1784 in
849 1752 888 1784 iis
921 1762 1000 1786 vero

265 1815 347 1848 quae
372 1804 555 1836 institutum
580 1805 998 1846 specialiterconcernunt,

266 1856 494 1900 superioribus
518 1857 607 1889 illius
632 1855 775 1890 fideliter
799 1868 924 1890 morem
951 1869 1002 1900 ge—

266 1915 354 1943 rant:
375 1910 415 1943 ad
441 1910 529 1954 quod
555 1920 593 1943 eo
620 1911 722 1953 magis
748 1911 997 1955 obligabuntur,

267 1963 294 1996 si
324 1963 357 1996 in
390 1963 442 1996 his
474 1973 605 2006 quoque
637 1964 824 1997 mandatum
859 1965 1000 2007 speciale

268 2016 460 2049 eorumdem
485 2016 830 2049 reverendissimorum
856 2017 1002 2050 domino-

266 2079 339 2102 rum
363 2068 612 2102 Ordinariorum
636 2069 786 2102 accedat:
806 2069 894 2103 iuxta
919 2082 1000 2113 quac

268 2121 302 2155 in
326 2121 569 2154 visitationibus
595 2121 734 2162 statutis,
754 2121 829 2155 cae¹
849 2133 929 2166 quae
948 2123 1002 2156 Or-

270 2173 473 2207 dinariorum
494 2178 569 2205 sunt
585 2173 624 2206 ad
643 2183 788 2206 normam
813 2175 935 2217 publici
961 2176 1002 2208 iu-

268 2226 313 2259 ris
338 2225 519 2266 instituant,
557 2231 707 2268 repertos
734 2227 877 2260 desectus
902 2229 1003 2261 corri-

271 2280 398 2322 gendo,
433 2289 514 2321 quae
546 2289 623 2311 vcro
657 2279 696 2312 ad
728 2279 791 2312 hoc
822 2280 1003 2316 institutum

271 2331 460 2375 specialiter
485 2336 643 2374 spectant,
662 2332 839 2365 secundum
857 2344 1002 2367 normam

273 2385 540 2418 constitutionum
556 2385 714 2428 dirigant:
730 2386 877 2428 graviora
890 2388 1005 2419 utrius-

273 2447 336 2482 que
360 2437 423 2471 sori
447 2438 495 2470 sic
519 2443 649 2479 notent,
675 2443 710 2470 ut
730 2439 1005 2473 reverendissimo

274 2491 405 2525 domino
436 2488 609 2526 Ordinario
644 2496 675 2523 et
707 2491 851 2534 praesidi
877 2492 1006 2526 dioece-

273 2549 352 2578 sano
375 2543 512 2577 instituti
538 2544 647 2578 debite
672 2544 794 2578 referre
814 2545 954 2588 possint.

312 2606 322 2635 t
345 2604 435 2633 Potius
453 2605 512 2642 lege
531 2614 565 2633 ea
583 2607 620 2641 (11.
641 2604 687 2642 τ.).

1049 377 1246 410 dioecesano
1271 377 1430 419 integram
1456 377 1647 410 relationem
1666 377 1785 409 sacient

1050 430 1089 462 de
1115 435 1217 470 statu,
1242 430 1275 462 in
1300 440 1364 473 quo
1385 430 1609 473 unusquisque
1634 432 1725 463 locus
1751 435 1784 462 et

1047 492 1186 525 persona
1222 482 1361 516 instituti
1398 488 1560 522 versetur,
1596 488 1660 516 tam
1698 483 1784 516 circa

1047 535 1226 577 spiritualia
1261 546 1356 578 quam
1393 536 1601 579 temporalia;
1628 536 1713 569 idem
1738 537 1783 569 sa-

1047 588 1148 627 cient,
1169 593 1257 621 extra
1274 589 1338 622 hoc
1354 589 1605 632 praescriptum,
1620 589 1646 622 si
1659 599 1781 631 urgens

1046 641 1222 674 necessitas
1246 641 1278 673 id
1302 641 1526 683 postulaverit.
1553 641 1617 684 Ipsi
1648 652 1781 684 quoque

1045 693 1077 725 in
1114 693 1293 727 directione
1327 695 1384 726 sua
1416 694 1521 736 quoad
1557 704 1609 726 res
1642 694 1781 726 instituti

1045 746 1112 788 regi
1138 755 1171 779 se
1196 747 1384 789 permittant
1416 756 1433 778 a
1466 747 1618 789 praeside
1652 747 1782 779 dioece-

1044 809 1132 840 sano,
1153 799 1239 842 quod
1264 810 1281 832 a
1305 799 1424 842 potiori
1446 800 1542 832 etiam
1569 800 1608 832 de
1632 800 1704 832 aliis
1730 811 1781 832 su-

1044 851 1227 895 perioribus
1252 852 1501 894 intelligendum
1527 857 1598 892 est;
1630 853 1778 895 nihilque

1044 904 1174 937 maioris
1200 904 1356 937 momenti
1382 904 1452 937 sine
1479 913 1589 937 eorum
1616 905 1778 947 praescitu

1043 962 1075 989 ct
1101 957 1264 990 voluntate
1289 956 1532 999 aggrediantur.

1088 1020 1202 1044 cxxxn.
1236 1010 1282 1042 Ad
1318 1014 1513 1043 conventum
1550 1010 1778 1043 dioecesanum

1043 1073 1230 1106 comparere
1257 1068 1407 1097 tenentur
1431 1063 1559 1105 quoties
1590 1064 1777 1107 superiores

1042 1115 1183 1148 instituti
1219 1124 1276 1148 eos
1313 1115 1351 1148 ad
1388 1115 1473 1148 hunc
1508 1115 1775 1159 conscripserint.

1042 1168 1183 1211 Singulis
1220 1168 1313 1200 annis
1348 1168 1428 1201 duos
1464 1169 1497 1200 in
1533 1168 1680 1201 districtu
1718 1179 1776 1201 suo

1042 1226 1219 1253 conventus
1244 1220 1436 1261 instituant3
1467 1221 1505 1253 ad
1531 1232 1631 1255 unum
1659 1221 1776 1254 horum

1042 1275 1189 1317 parochi,
1221 1274 1259 1306 ad
1293 1275 1428 1306 alterum
1462 1275 1647 1317 cappellani
1673 1280 1704 1307 et
1727 1275 1778 1307 be-

1042 1327 1182 1360 neficiati
1204 1327 1411 1366 conveniant,
1431 1332 1467 1359 ut
1490 1327 1608 1369 singuli
1634 1328 1777 1360 reserant

1042 1390 1123 1423 quae
1164 1380 1204 1413 ad
1241 1380 1499 1415 observationem
1540 1380 1773 1413 accuratiorem

1040 1432 1261 1476 praescriptae
1277 1431 1479 1474 disciplinae,
1500 1437 1531 1464 et
1551 1432 1590 1464 ad
1607 1432 1776 1465 meliorem

1042 1486 1139 1518 huius
1174 1484 1314 1518 instituti
1349 1493 1580 1527 progressum,
1606 1485 1638 1517 in
1672 1486 1773 1525 locis,

1041 1540 1125 1571 circa
1145 1546 1319 1581 personas,
1335 1536 1515 1580 spiritualia
1536 1543 1568 1570 et
1587 1539 1777 1581 temporalia

1041 1592 1159 1624 relata·
1186 1590 1366 1624 necessaria
1391 1590 1521 1623 suerint.

1085 1654 1213 1678 cxxxln.
1232 1644 1307 1676 Tam
1332 1644 1446 1676 domus
1470 1644 1569 1683 illius,
1591 1644 1623 1676 in
1642 1655 1703 1687 qua
1725 1644 1777 1676 ha-

1039 1698 1134 1736 bitat,
1151 1708 1245 1740 quam
1263 1697 1491 1739 parochiarum
1509 1697 1676 1740 pecuniae,
1693 1707 1776 1739 quae

1043 1750 1081 1782 ad
1107 1759 1294 1784 communes
1326 1749 1398 1792 pios
1430 1759 1504 1781 usus
1534 1749 1775 1791 consignantur,

1043 1804 1092 1836 vel
1125 1804 1220 1835 etiam
1252 1813 1310 1845 pro
1343 1802 1491 1845 personis
1527 1802 1775 1845 particularibus

1043 1856 1248 1890 solummodo
1274 1860 1490 1895 asservantur,
1516 1861 1719 1898 reponantur
1744 1857 1776 1890 in

1043 1922 1150 1944 aream
1172 1910 1210 1942 ad
1232 1910 1294 1942 hoe
1312 1909 1517 1949 destinatam,
1544 1910 1634 1941 euius
1653 1911 1776 1943 clavem

1043 1974 1138 1995 unam
1162 1962 1244 2005 ipsc,
1271 1963 1406 1994 alteram
1431 1962 1539 1994 senior
1562 1963 1724 2002 sacerdos,
1745 1968 1777 1995 et

1045 2016 1173 2048 tertiam
1199 2024 1396 2046 oeconomus
1421 2014 1579 2047 diversam
1603 2015 1773 2048 custodiat.

1043 2070 1077 2102 ln
1109 2068 1220 2101 cadem
1257 2067 1339 2100 liber
1375 2068 1616 2108 asservabitur‚
1654 2069 1686 2101 in
1712 2079 1777 2112 quo

1044 2122 1202 2155 scribatur
1238 2131 1361 2153 summa
1398 2121 1564 2163 pecuniae,
1594 2126 1658 2154 tam
1694 2131 1784 2175 quae‘

1044 2176 1188 2213 insertur,
1207 2184 1303 2215 quam
1325 2183 1405 2215 quae
1431 2172 1561 2205 effertur
1584 2184 1645 2216 pro
1670 2184 1781 2207 neces-

1045 2227 1193 2261 sitatibus
1219 2226 1250 2258 in
1272 2225 1417 2258 districtu
1435 2226 1491 2259 illo
1510 2226 1640 2259 evenire
1658 2227 1776 2260 solitis.

1090 2290 1210 2313 cxxxw.
1231 2279 1265 2311 In
1287 2278 1429 2311 archivio
1453 2289 1513 2311 suo
1538 2279 1711 2322 diligenter
1727 2290 1790 2323 ast⁴

1045 2333 1216 2366 servabunt
1260 2331 1474 2363 instrumenta
1515 2331 1684 2373 originalia
1713 2343 1779 2366 non

1047 2387 1150 2418 solum
1176 2389 1390 2427 proventuum
1415 2383 1502 2416 illius
1526 2384 1597 2423 loci,
1615 2384 1664 2417 cui
1682 2385 1779 2427 parti-

1048 2438 1200 2472 culariter
1223 2442 1391 2479 praesunt,
1418 2447 1527 2469 verum
1552 2437 1646 2470 etiam
1672 2438 1780 2479 singu-

1048 2493 1149 2524 larum
1164 2490 1387 2533 parochiarum
1403 2494 1603 2532 transumpta
1616 2501 1710 2522 manu
1725 2501 1781 2522 no-

1050 2545 1121 2577 tarii
1147 2543 1269 2587 publici
1294 2543 1477 2586 subscripta
1501 2543 1566 2575 suis
1590 2543 1671 2576 locis
1687 2553 1780 2586 repo-

1087 2608 1095 2633 1
1119 2606 1218 2633 Forsan
1237 2605 1377 2640 legendum
1397 2606 1491 2634 relatu
1509 2607 1547 2640 (n.
1564 2605 1613 2640 1.).

1683 211 1748 245 563
1793 220 1843 247 An.
1864 219 1892 247 c.
1911 219 1980 249 1681,
