2111 3157
196 188 246 216 An.
267 188 295 215 c.
314 188 381 216 1680
426 180 490 214 382

385 237 589 271 decreverint
627 236 858 279 acceptandum
878 262 886 275 ,
923 244 989 267 non
1032 234 1120 277 prius

384 291 553 324 mittantur
576 290 727 324 monachi
746 289 786 321 ad
811 289 930 324 dictum
955 292 1120 320 monaste-

384 344 474 385 rium,
496 354 591 387 quam
607 343 732 375 unitum
751 341 847 374 fuerit
867 339 1117 383 Congregationi

368 402 442 439 ‘per
465 397 570 428 bullas
596 395 801 438 apostolicas,
827 398 859 426 et
882 392 944 425 nisi
970 392 1117 425 officinae

384 455 415 481 et
430 447 612 480 mansiones
636 447 863 489 religiosorum
887 450 979 478 antea
996 444 1118 477 fuerint

383 505 607 543 competenter
631 504 814 542 reparatae.

424 563 460 586 11.
487 552 576 590 Quod
590 552 615 584 si
634 552 774 594 capitulo
792 551 939 594 generali
956 549 1118 582 videbitur

381 604 567 637 huiusmodi
598 604 863 637 reformationem
895 603 979 635 intra
1012 602 1113 634 trien-

381 658 469 689 nium
493 656 563 689 sieri
599 657 742 695 debere,
777 656 881 699 ipsam
913 654 1116 688 committant

381 709 541 752 regimini,
561 708 648 740 iuxta
665 709 862 751 praedictam
876 708 1021 740 formam.
1036 706 1115 744 Quo-

380 762 441 794 ties
466 766 573 793 autem
599 761 684 793 intra
709 761 886 792 triennium
911 759 1113 792 tractandum

381 819 466 846 essct
491 813 530 846 de
551 813 780 845 reformatione
798 812 931 844 alicuius
951 816 1114 843 monaste-

380 865 427 905 rii,
450 876 488 898 eo
513 865 598 908 quod
625 864 808 907 periculosa
826 869 911 897 esset
936 864 1046 896 dilatio
1063 874 1113 896 ns-

381 929 442 961 que
468 918 507 950 ad
539 918 671 960 capituli
697 922 842 960 tempus,
873 917 1029 949 habeatur
1063 926 1114 948 rc-

380 980 494 1002 cursus
507 970 546 1002 ad
563 969 814 1011 praesidentem,
837 969 902 1011 qui,
919 969 944 1000 si
962 971 1025 1001 una
1042 979 1112 1001 cum

379 1021 600 1053 visitatoribus
616 1025 646 1053 ct
660 1021 730 1053 aliis
745 1021 897 1063 praelatis
908 1022 957 1062 (ut
970 1031 1067 1063 snpra
1081 1021 1112 1052 in

380 1084 451 1116 cap.
467 1084 503 1106 111
522 1074 560 1105 de
576 1072 757 1105 amotione¹
772 1073 946 1115 praesidis)
972 1073 1009 1105 de
1029 1084 1114 1105 com-

379 1126 468 1157 muni
505 1136 661 1158 consensu
693 1125 905 1158 indicaverint
930 1125 1113 1158 huiusmodi

379 1178 634 1220 acceptationem
670 1189 739 1210 esse
773 1179 883 1211 utilem
909 1184 940 1211 et
964 1189 1114 1211 necessa-

380 1230 458 1262 riam
474 1235 604 1262 nostrae
619 1230 875 1273 Congregationi,
893 1231 1019 1263 mittant
1034 1232 1113 1263 duos

378 1283 515 1314 idoneos
541 1287 649 1325 patres
675 1282 712 1314 ad
739 1283 969 1326 inquirendum
989 1284 1027 1315 de
1047 1294 1114 1316 mo-

378 1335 511 1367 nasterii
529 1335 778 1375 conditionibus,
796 1337 883 1368 iuxta
901 1336 1009 1368 omnia
1026 1346 1114 1378 prae-

378 1387 484 1425 dicta,
506 1393 537 1419 ct
561 1388 702 1420 referant
727 1389 870 1431 capitulo
895 1389 1041 1431 proxime
1067 1389 1114 1420 fu-

380 1445 462 1479 turo,
489 1440 514 1471 si
540 1440 659 1472 differri
686 1441 817 1482 poterit.
844 1441 874 1474 Si
899 1447 1005 1474 autem
1027 1442 1114 1484 peri-

378 1494 483 1525 cnlum
503 1498 588 1525 esset
612 1493 643 1525 in
668 1495 768 1533 mora,
784 1499 819 1526 ut
836 1495 1037 1537 praedictum
1053 1499 1113 1535 est,

379 1551 455 1576 tuuc
480 1556 538 1588 per
563 1546 649 1588 ipsos
684 1547 785 1579 dictos
816 1553 927 1590 patres
952 1553 1113 1580 monaste-

378 1599 460 1631 rium
486 1605 681 1642 acceptetur,
711 1601 848 1633 maxime
873 1601 899 1633 si
924 1602 987 1633 tale
1013 1606 1110 1641 esset,

379 1652 469 1684 cuius
483 1653 670 1685 reformatio
684 1654 816 1687 cederet
826 1654 857 1686 in
868 1665 1019 1697 magnum
1033 1654 1113 1687 Con-

379 1705 572 1747 gregatiouis
602 1707 806 1739 commodum
832 1713 862 1739 et
887 1712 1108 1749 augmentum.

379 1759 554 1790 Advertant
571 1763 678 1791 tamen
704 1759 848 1801 regimen
867 1765 898 1792 et
917 1765 1026 1802 patres
1043 1760 1113 1792 mit-

379 1812 467 1844 tendi
493 1811 531 1843 ad
557 1811 795 1853 investigandas
820 1813 1010 1845 monasterii
1036 1824 1112 1845 con-

379 1865 528 1904 ditioneS,
547 1875 587 1897 nc
608 1865 728 1907 aliquid
753 1866 949 1908 permittant,
968 1872 1023 1898 aut
1040 1877 1110 1899 sese

379 1918 529 1959 cuiquam
556 1918 703 1959 obligent
726 1917 841 1957 verbis,
863 1919 919 1950 sed
938 1919 1047 1951 omnia
1066 1929 1112 1951 re-

378 1970 482 2002 serant
500 1970 639 2013 capitulo
657 1971 704 2003 vel
726 1970 873 2012 regimini
897 1971 1110 2011 terminanda,

377 2029 411 2055 ut
436 2034 544 2066 supra.

434 2086 481 2109 ιιι.
509 2076 654 2108 Ceterum
681 2075 824 2109 strictius
853 2078 1037 2110 inhibemus
1072 2088 1112 2110 ne

380 2128 510 2171 aliquod
536 2139 570 2160 ex
598 2135 727 2161 nostrae
752 2129 1020 2173 congregationis
1045 2142 1113 2163 mo-

379 2181 530 2213 nasteriis
552 2181 745 2220 dimittatur,
763 2188 816 2214 aut
833 2184 870 2215 ab
888 2183 955 2226 ipsa
976 2184 1113 2225 Congre-

381 2234 508 2274 gatione
534 2234 703 2274 alienetur,
724 2234 798 2274 nisi,
823 2245 858 2267 ex
877 2241 1023 2278 quatuor,
1050 2242 1113 2268 tres

380 2290 488 2327 partes
515 2286 659 2317 omnium
685 2291 822 2328 patrum,
841 2288 896 2329 qni
915 2288 1036 2320 liabent
1060 2299 1114 2321 vo-

381 2347 449 2369 cem
476 2337 507 2369 in
539 2339 678 2380 capitulo
705 2339 865 2381 generali,
892 2341 1110 2373 consentiant.

381 2389 448 2421 Hoc
475 2396 578 2421 tamen
599 2402 659 2423 nou
682 2392 892 2433 intelligimus
917 2393 985 2425 sieri
1007 2403 1114 2435 posse,

381 2442 441 2473 nisi
468 2442 498 2473 in
521 2452 594 2474 casu
612 2445 867 2485 permutationis,
884 2445 1007 2477 scilicet
1024 2445 1048 2477 si
1068 2446 1116 2478 di-

963 185 1142 211 BULLARmM
1165 184 1317 210 ROMANUM

1163 233 1251 266 aliud
1275 235 1479 275 acceptetur,
1508 234 1540 263 et
1560 230 1740 274 praemissa
1764 233 1895 273 aposto-

1162 285 1224 318 lica
1248 285 1410 324 facultate,
1425 283 1564 326 aliisque
1578 283 1834 324 circumstantiis,
1854 282 1893 316 de

1162 338 1279 381 quibus
1302 347 1373 380 cap.
1391 345 1428 370 ιιι
1451 337 1595 379 regulae.

1205 400 1247 423 1v.
1274 389 1306 422 Si
1330 399 1406 422 vero
1427 389 1466 422 de
1483 389 1592 432 aliquo
1607 388 1807 423 monasterio
1826 399 1895 423 rno-

1160 441 1295 474 nialium
1311 442 1370 475 sub
1385 442 1459 474 cura
1475 440 1744 484 Congregationis
1758 446 1811 474 aut
1825 452 1893 485 par-

1162 493 1305 526 ticularis
1341 493 1532 526 monasterii
1559 492 1662 526 nostri
1694 494 1892 537 acceptando

1160 545 1351 578 tractabitur
1361 545 1472 588 (quod,
1483 550 1636 588 quantum
1652 546 1808 588 possibile
1821 546 1891 589 erit,

1160 598 1293 630 omnino
1312 598 1496 631 evitandum
1510 599 1581 641 est),
1594 598 1656 631 nisi
1674 598 1713 634 de
1731 608 1892 632 consensu

1159 650 1292 682 duarum
1311 660 1348 683 ex
1373 650 1478 683 tribus
1502 650 1648 693 partibus
1673 651 1893 693 praelatorum

1160 703 1257 734 totius
1283 702 1550 744 Congregationis
1568 730 1575 743 ,
1601 703 1654 745 qui
1687 703 1720 735 in
1751 703 1892 746 capitulo

1158 754 1301 796 generali
1326 754 1524 795 intererunt,
1554 755 1650 788 etiam
1675 755 1714 788 ad
1738 755 1893 788 visitatio-

1157 816 1230 838 nem
1256 811 1377 839 tantum
1402 807 1561 850 acceptari
1586 818 1652 840 non
1676 808 1790 851 possit.

1200 870 1222 892 ι.
1248 859 1293 892 Ne
1319 865 1481 893 tantorum
1505 860 1751 902 beneficiorum,
1778 861 1892 903 gratia-

1156 922 1227 944 rum
1241 923 1276 944 ac
1289 912 1544 955 privilegiorum,
1559 924 1698 957 quorum
1710 915 1889 948 munimine

1156 964 1369 1007 Congregatio
1394 971 1506 999 nostra
1526 977 1544 999 a
1567 966 1671 1000 felicis
1690 969 1890 1003 recordatio-

1156 1018 1205 1050 nis
1222 1018 1366 1061 Eugenio
1383 1019 1470 1062 Papa
1486 1019 1522 1051 lv
1539 1030 1604 1053 non
1621 1021 1717 1054 modo
1738 1023 1889 1063 stabilita,

1156 1082 1265 1104 verum
1301 1072 1399 1104 etiam
1434 1073 1609 1115 plurimum
1644 1079 1736 1107 aucta
1759 1075 1889 1116 existit,

1158 1125 1322 1157 videamur
1336 1126 1551 1165 immemores,
1565 1127 1622 1159 sed
1635 1127 1688 1170 pia
1702 1129 1782 1170 grati
1793 1128 1891 1161 animi

1157 1178 1263 1209 officia
1287 1177 1357 1211 eius
1381 1178 1565 1217 memoriae,
1595 1185 1749 1221 quantum
1773 1180 1807 1213 in
1830 1181 1893 1214 Do-

1157 1230 1245 1263 mino
1270 1240 1454 1272 possumus,
1474 1231 1703 1272 rependamus,
1724 1232 1785 1264 hac
1801 1243 1893 1275 prae·

1157 1282 1241 1315 senti
1254 1283 1458 1315 ordinatione
1472 1283 1642 1316 statuimus
1659 1290 1694 1317 ut
1707 1295 1767 1327 per
1784 1285 1892 1318 omnia

1157 1340 1287 1368 nostrae
1307 1335 1575 1377 Congregationis
1593 1337 1790 1370 monasteria
1806 1348 1893 1380 prae-

1157 1394 1260 1426 sentia
1284 1397 1316 1425 et
1335 1392 1450 1432 futura,
1465 1392 1602 1434 singulis
1621 1392 1724 1433 annis,
1744 1393 1796 1426 die
1811 1403 1891 1427 xxm

1157 1446 1324 1485 februarii,
1353 1445 1608 1478 anniversarium
1631 1446 1893 1479 conventualiter

1156 1510 1215 1541 pro
1242 1498 1388 1531 eiusdem
1416 1497 1551 1540 Eugeuii
1583 1497 1704 1530 Summi
1729 1498 1892 1532 Pontificis

1157 1551 1239 1583 felici
1265 1551 1379 1593 requie
1404 1551 1597 1590 celebretur,
1623 1555 1656 1583 et
1679 1550 1766 1583 aliud
1790 1551 1893 1584 consi-

1155 1603 1275 1636 militer
1295 1603 1346 1636 die
1362 1613 1413 1636 xix
1430 1602 1622 1645 septembris
1639 1612 1698 1645 pro
1712 1603 1893 1636 reverendo

1155 1662 1246 1700 patre
1271 1656 1435 1688 Ludovico
1460 1655 1573 1695 Barbo,
1595 1660 1727 1688 nostrae
1752 1655 1893 1699 Congre-

1156 1709 1294 1752 gationis
1319 1708 1496 1751 praecipuo
1523 1708 1695 1741 directore.

1198 1772 1233 1795 11.
1260 1762 1354 1794 Fiant
1378 1766 1547 1804 praetcrea
1571 1761 1737 1794 aunuatim
1761 1762 1822 1795 tria
1838 1773 1893 1795 an-

1155 1814 1329 1847 niversaria
1353 1814 1634 1854 conventualiter;
1659 1825 1760 1847 unum
1784 1825 1845 1858 pro
1863 1826 1894 1848 a-

1155 1868 1303 1900 nimabus
1328 1872 1459 1899 nostrae
1484 1866 1770 1909 Congregationis,
1806 1868 1893 1901 aliud

1155 1931 1215 1962 pro
1251 1919 1517 1952 benefactoribus
1554 1920 1675 1952 nostris
1711 1920 1891 1959 defunctis,

1157 1974 1286 2006 tertium
1304 1982 1363 2015 pro
1378 1972 1638 2004 benefactoribus
1654 1973 1740 2013 vivis,
1753 1973 1892 2006 dicendo

1156 2025 1288 2058 missam
1313 2036 1372 2068 pro
1397 2024 1559 2067 peccatis:
1587 2034 1668 2067 quac
1701 2025 1891 2058 anniversa-

1156 2079 1202 2112 ria
1227 2078 1434 2111 celebrentur
1458 2087 1518 2119 per
1542 2077 1740 2110 monasteria
1763 2083 1894 2111 nostrae

1157 2131 1428 2174 congro-gationis
1453 2135 1526 2173 post
1543 2131 1684 2172 primum
1711 2131 1796 2163 diem
1822 2141 1895 2174 sep-

1157 2185 1288 2217 tembris
1303 2184 1418 2216 dicbus
1441 2183 1557 2225 quibus
1579 2183 1718 2215 habilius
1736 2183 1894 2216 celebrari

1157 2241 1321 2280 poterunt..
1889 2261 1893 2263 .

1202 2300 1250 2322 111.
1278 2290 1355 2322 Post
1374 2289 1488 2322 festum
1507 2298 1583 2321 vero
1601 2287 1749 2321 Omnium
1767 2289 1895 2322 Sancto-

1158 2352 1227 2374 rum
1254 2342 1507 2381 Monachorum,
1534 2342 1637 2384 prima
1669 2341 1720 2373 die
1745 2351 1810 2373 non
1834 2341 1895 2374 im-

1158 2394 1278 2436 pedita,
1293 2394 1448 2426 recitetur
1461 2393 1718 2427 conventualiter
1731 2393 1894 2436 integrum

1158 2448 1298 2479 officium
1331 2448 1582 2488 defunctorum,
1616 2452 1648 2479 et
1682 2446 1782 2480 missa
1817 2446 1894 2480 item

1902 180 1951 208 An.
1971 181 2002 209 C.
2018 182 2085 211 1680

1927 877 1996 899 Cum
2010 878 2052 900 vu.

1912 904 1952 933 ‘Do
1963 906 2081 926 anniversa-

1900 930 1936 950 riis
1982 935 2081 957 perpetuo

1900 956 2041 979 celebrandis.

381 2494 525 2526 mittatur
555 2505 676 2534 unum,
710 2502 744 2528 ut
768 2497 799 2528 in
825 2498 937 2530 cadem
974 2498 1114 2530 dioecesi
1158 2505 1304 2532 canitetnr
1324 2511 1383 2543 pro
1413 2500 1571 2533 defunctis
1595 2505 1726 2533 nostrae
1758 2499 1900 2543 Congre»

419 2557 429 2582 1
453 2555 517 2582 Male
533 2556 596 2582 edit.
615 2556 691 2582 lllain.
713 2557 775 2592 legit
789 2559 976 2586 unnnlutione
995 2560 1031 2590 (n.
1048 2559 1096 2593 r).

1159 2553 1310 2593 gationis.
