2111 3157
32 190 80 215 An.
98 187 125 214 C.
150 185 218 214 1676

799 187 1010 211 INNOCENTIUS
1032 189 1062 212 x1
1088 189 1136 212 pr.
1650 180 1686 213 31

223 236 274 268 vel
299 236 395 268 causa
419 235 499 275 latis,
519 235 545 268 si
570 235 686 278 quibus
712 234 957 278 quomodolibet

223 288 399 321 innodatae
414 288 564 327 existunt,
583 288 622 320 ad
641 285 787 319 effectum
804 296 957 329 praesen-

223 340 302 372 tium
334 339 496 372 dumtaxat
530 338 815 382 consequendum,
842 338 956 369 harum

223 392 306 425 serie
331 391 532 424 absolventes
558 395 588 424 et
612 390 777 423 absolutas
794 389 862 422 sore
883 399 957 421 cen-

224 451 353 484 senteS,
380 443 566 477 huiusmodi
590 441 881 485 supplicationibus
910 441 957 473 in-

224 497 352 536 clinati,
379 507 417 529 ex
447 500 521 528 voto
557 494 794 527 venerabilium
823 493 956 525 fratrum

222 555 409 582 nostrorum
426 547 457 580 S.
484 547 521 579 R.
552 546 586 578 E.
617 545 830 579 cardinalium
857 555 957 587 nego-

224 601 274 633 tiis
300 604 331 634 et
354 598 646 632 consultationibus
672 598 901 640 episcoporum
925 602 957 629 et

1001 241 1158 278 exempta,
1174 242 1206 269 et
1225 235 1416 279 praesertim
1441 236 1525 268 circa
1549 237 1731 268 clausuram

1000 288 1194 328 regularem,
1210 298 1361 321 exercere
1379 294 1525 331 possunt,
1541 289 1571 321 in
1588 289 1734 331 spiritua·

1000 339 1083 371 libus
1100 345 1130 372 et
1149 341 1379 383 temporalibus
1396 341 1525 383 penitus
1551 346 1583 373 et
1601 341 1733 374 omnino

1000 391 1094 423 etiam
1119 399 1279 435 perpetuo
1297 393 1463 426 eximimus
1488 398 1520 426 et
1544 393 1731 433 liberamus,

1001 448 1032 475 et
1055 445 1115 476 sub
1140 445 1223 476 beati
1243 445 1328 477 Petri
1346 450 1378 477 et
1397 451 1525 477 sanctae
1543 445 1632 478 Sedis
1653 446 1732 487 Apo-

1000 495 1132 528 stolicae
1157 507 1193 528 ac
1217 499 1325 529 nostrai
1354 503 1384 530 et
1408 508 1467 540 pro
1497 502 1642 540 tempore
1668 498 1733 530 exi-

1000 548 1113 579 stentis
1131 547 1263 580 Romani
1289 548 1450 581 Pontificis
1476 549 1676 591 protectione
1701 554 1733 582 et

1000 598 1178 632 inviolabili
1204 600 1449 632 conservatione
1473 601 1685 643 suseipimus;

1737 189 1784 216 Aa.
1807 186 1834 215 C.
1860 188 1925 215 1070

222 653 419 696 regularium
453 650 737 694 praepositorum,
776 649 956 682 institutum

221 705 402 749 praefatum
421 704 480 736 sub
502 702 765 736 denominatione
790 702 957 734 Adoratio-

221 758 272 791 uis
297 757 478 799 Perpetuae
507 755 559 788 SS.
586 754 798 794 Sacramenti‚
828 759 956 796 aposto—

220 810 283 843 lica
307 808 505 847 auctoritate,
525 813 637 840 tenore
658 806 886 849 praesentium,
906 816 956 848 ap-

1044 650 1058 692 g
1083 650 1114 682 4.
1142 651 1185 683 Ac
1210 651 1404 684 correctioni
1438 658 1470 684 et
1501 653 1728 693 obedientiae,
1767 665 1788 685 in
1810 666 1924 691 *phanau-

1000 702 1217 744 superioritati
1250 708 1281 735 et
1304 704 1510 737 omnimodae
1535 691 1913 738 iurisdictio-llfl?.f2''''''¹5''¹''¹

1000 754 1032 786 ni
1049 755 1082 786 in
1107 755 1227 787 eisdem
1248 755 1484 797 spiritualibus,
1511 766 1673 799 curaeque
1699 745 1837 814 etii-'iluiii'in
1858 747 1923 815 «Ιιῖζὶἶῖἶ.

1724 810 1729 815 ι
1751 804 1760 814 nt
1774 803 1784 815 Q!
1821 802 1856 815 GVK*
1868 802 1924 815 ΙΝΙΔ·

1001 806 1176 848 gubernio,
1208 807 1357 849 regimini
1394 812 1425 839 et
1459 808 1923 842 administrationiammomum-0-

1742 854 1794 868 ΓΙΙΠΙ.

220 859 396 903 probamus
420 863 452 890 et
469 857 721 895 confirmamus3
744 866 871 888 necnon
892 856 956 898 pri-

220 911 405 951 modictum,
430 915 462 943 et
492 909 555 942 alia
575 910 646 948 tria,
674 918 775 940 unum
805 908 956 941 videlicet

220 965 254 998 in
278 963 404 997 civitate
435 962 576 1001 Tulensi‚
604 966 636 994 et
663 960 750 993 aliud
775 960 807 993 in
833 960 953 1003 oppido

220 1017 260 1050 de
295 1015 558 1049 Ramteruillensi
593 1013 739 1047 Tulensis
776 1014 951 1054 dioecesis,

220 1079 346 1103 necnon
374 1068 533 1110 reliquum
558 1067 591 1099 in
616 1066 738 1110 oppido
763 1066 880 1099 Naucei
907 1066 954 1099 di-

220 1126 290 1155 ctae
312 1120 462 1154 Tulensis
488 1130 543 1152 seu
563 1118 684 1152 nullius
709 1118 868 1151 dioecesis
891 1119 954 1151 iam

220 1179 337 1215 erecta,
357 1179 388 1206 et
410 1182 629 1216 quaecumque
656 1171 727 1212 alia,
749 1181 830 1214 quae
847 1172 879 1203 in
897 1182 954 1214 po-

220 1232 343 1260 sterum
368 1225 585 1258 benedicente
609 1223 746 1257 Domino
768 1223 874 1256 forsan
892 1224 953 1256 eri-

220 1283 335 1323 gentur
359 1277 566 1316 monasteria,
584 1277 781 1318 illorumque
799 1286 859 1318 pro
878 1282 954 1308 tem-

217 1342 300 1376 pore
331 1331 504 1364 existentes
535 1329 725 1372 priorissas,
756 1334 788 1361 et
813 1329 952 1362 cuiusvis

218 1383 358 1417 nominis
372 1382 614 1425 superiorissaS,
631 1381 800 1421 moniales,
814 1391 954 1414 conven-

218 1441 277 1476 tus,
297 1435 498 1479 superiores,
517 1434 709 1473 visitatores,
727 1433 878 1466 officiales
897 1434 954 1466 mi-

218 1488 348 1528 nistros,
359 1487 546 1526 servientes,
558 1491 590 1519 et
604 1487 683 1519 alias
696 1496 851 1528 personas
865 1496 954 1528 quas>

219 1551 378 1584 cumque,
403 1550 532 1572 necnon
563 1538 781 1582 proprietates
814 1543 845 1570 et
869 1539 953 1570 bona

218 1592 384 1632 universa,
410 1590 542 1624 mobilia
575 1595 607 1623 et
626 1589 827 1629 immobilia,
854 1600 950 1632 prae-

219 1645 320 1679 sentia
341 1649 373 1677 et
393 1645 510 1683 sutura,
528 1643 757 1685 cuiuscumque
776 1643 950 1686 qualitatis,

219 1696 416 1741 quantitatis,
442 1695 581 1738 generis,
605 1695 726 1738 speciei
754 1706 790 1728 ac
819 1701 951 1728 naturae
973 1711 974 1717 κ

218 1749 388 1784 existentia
417 1754 448 1782 et
463 1748 660 1791 ubicumque
685 1748 904 1787 consistentia,
922 1754 953 1781 et

217 1803 281 1836 alia
304 1811 526 1845 quaecumque
560 1801 600 1833 ad
625 1800 680 1833 illa
705 1801 952 1843 quomodolibet

216 1854 410 1898 spectantia,
429 1863 483 1886 seu
502 1852 540 1885 ab
557 1852 621 1886 illis
646 1853 950 1896 quomodocumque

217 1907 537 1951 etqualitercumque
559 1905 788 1948 dependentia,
805 1906 845 1938 ab
863 1906 950 1939 omni
971 1934 973 1939 ,

217 1965 249 1993 et
272 1969 475 2003 quacumque
508 1958 684 2001 primatum
699 1984 707 1999 ,
733 1958 951 2002 archiepisco-

214 2022 341 2056 porum,
356 2011 594 2054 episcoporum,
610 2015 642 2043 et
655 2010 790 2043 aliorum
803 2020 949 2054 quorum-

215 2065 262 2097 vis
285 2063 536 2103 Ordinariorum,
556 2073 613 2096 seu
638 2073 751 2096 eorum
775 2063 950 2096 cuiuslibet

216 2115 408 2155 officialium,
433 2119 464 2148 et
486 2114 680 2148 vicariorum
709 2114 744 2148 in
775 2115 950 2158 spirituali-

215 2169 274 2203 bus
299 2167 509 2212 generalium,
522 2177 649 2200 necnon
663 2173 826 2200 rectorum
848 2173 877 2200 et
895 2179 949 2210 gc-

215 2221 376 2257 neralium
409 2219 596 2263 quorumvis
630 2220 786 2253 Ordinum
819 2220 949 2253 iurisdi-

216 2275 335 2315 ctione,
350 2273 546 2312 visitatione,
564 2273 776 2313 correctione,
794 2273 949 2306 reforma-

215 2328 317 2368 tione,
342 2326 552 2365 subiectione,
579 2325 776 2366 obedientia,
801 2326 949 2370 superio-

214 2381 310 2415 ritate
330 2385 362 2413 et
379 2378 580 2417 auctoritate,
600 2379 686 2411 salva
698 2383 803 2412 tamen
819 2389 948 2422 semper

215 2444 328 2468 eorum
344 2431 590 2466 ordinariorum
607 2431 830 2466 iurisdictione
848 2432 880 2465 in
897 2443 949 2466 ca-

214 2486 304 2520 sibus
331 2485 365 2519 in
383 2485 499 2528 quihus
516 2484 603 2517 iuxta
619 2483 751 2518 Concilii
768 2484 947 2518 Tridentini

216 2540 346 2575 decreta
368 2538 457 2579 illam
478 2537 511 2570 in
527 2536 723 2571 monasteria
746 2538 948 2585 quantumvis

999 859 1032 890 in
1059 860 1290 902 temporalibus
1327 859 1422 892 trium
1454 870 1667 902 personarum
1699 862 1731 894 in

1000 912 1154 953 dignitate
1202 912 1422 945 ecclesiastica
1461 913 1729 954 constitutarum,

1000 975 1080 1007 quae
1095 965 1224 1007 quidem
1240 965 1446 1006 coniunctim,
1460 966 1509 999 vel
1524 967 1636 998 saltem
1651 967 1732 999 duae

998 1017 1137 1057 illarum,
1163 1018 1218 1051 illa
1240 1018 1435 1050 monasteria
1460 1018 1654 1060 gubernare,
1684 1029 1733 1051 re-

999 1080 1073 1112 gere
1091 1076 1122 1103 et
1140 1069 1364 1103 administrare
1390 1071 1515 1113 possint
1531 1077 1562 1103 et
1579 1071 1731 1112 debcant,

998 1123 1215 1155 submittimus
1226 1128 1257 1155 et
1270 1122 1469 1163 subiicimus,
1480 1133 1552 1156 cum
1562 1123 1632 1163 hoc,
1647 1125 1733 1167 quod

998 1185 1161 1217 personae
1188 1174 1264 1207 illae
1289 1175 1326 1207 ad
1354 1175 1611 1208 nominationem
1636 1176 1736 1208 dicta-

998 1237 1066 1258 rum
1104 1226 1296 1259 monialium
1332 1237 1349 1259 a
1380 1227 1636 1269 Congregatione
1676 1238 1735 1270 pro

1000 1284 1145 1322 tempore
1172 1279 1379 1312 existentium
1406 1280 1551 1312 eiusdem
1576 1279 1606 1313 S.
1634 1280 1671 1312 R.
1700 1280 1732 1313 E.

998 1331 1210 1363 cardinalium
1237 1331 1377 1374 negotiis
1395 1336 1427 1363 ct
1443 1331 1736 1364 consultationibus

998 1383 1224 1426 episcoporum
1256 1389 1287 1415 et
1317 1384 1516 1425 regularium
1547 1384 1732 1417 huiusmodi

997 1436 1260 1478 praepositorum
1293 1436 1368 1479 eligi
1400 1441 1430 1470 et
1455 1437 1604 1479 deputari
1636 1437 1733 1470 debe-

996 1487 1089 1520 bunt

1040 1541 1054 1584 g
1079 1540 1108 1573 5.
1137 1540 1307 1574 Praeterea
1333 1541 1456 1574 eisdem
1481 1541 1664 1585 deputatis,
1697 1548 1732 1575 ut
1764 1551 1924 1576 sequanam-

1742 1580 1774 1597 tur
1786 1579 1871 1598 sai-ulta-
1887 1586 1896 1597 ι’
1910 1580 1923 1593 ’-

996 1603 1092 1635 supra
1117 1593 1199 1625 tum¹
1226 1594 1385 1635 eligendis
1411 1599 1442 1625 et
1466 1594 1679 1634 stabiliendis,
1696 1601 1803 1628 utgvnm
1831 1606 1923 1626 ‹uitato-

1743 1636 1792 1655 rem,
1803 1634 1844 1651 etc.

996 1644 1056 1687 ipsi
1081 1645 1292 1684 coniunctim,
1312 1645 1338 1677 si
1363 1646 1533 1678 commode
1550 1645 1620 1678 fieri
1638 1653 1731 1689 pote-

996 1697 1047 1737 rit,
1068 1698 1116 1730 vel
1143 1698 1258 1729 saltem
1286 1698 1348 1730 duo
1379 1708 1503 1738 eorum,
1521 1708 1621 1731 unum
1642 1709 1732 1742 pres-

995 1749 1143 1792 byterum
1169 1750 1371 1782 saecularem
1396 1750 1445 1783 vel
1464 1751 1657 1792 regularem,
1674 1751 1731 1784 do-

995 1801 1114 1841 ctrina,
1149 1802 1296 1844 vitaeque
1334 1812 1370 1834 ac
1405 1812 1531 1835 morum
1568 1803 1730 1845 probitate

994 1858 1230 1896 praestantem,
1257 1854 1290 1886 in
1314 1854 1586 1887 monasteriorum
1619 1855 1731 1888 huius-

994 1906 1081 1938 modi
1099 1906 1297 1939 visitatorem
1316 1908 1518 1949 generalem,
1537 1912 1570 1940 et
1589 1918 1650 1950 pro
1669 1908 1730 1941 hac

992 1958 1061 1991 vice
1089 1958 1242 1991 dilectum
1271 1958 1372 1992 filium
1403 1959 1577 1993 Henricum
1604 1959 1643 1992 de
1668 1961 1730 1993 Ha-

993 2021 1098 2044 nezon
1114 2039 1121 2052 ,
1152 2011 1302 2044 abbatem
1326 2012 1512 2054 regularem
1535 2012 1727 2045 monasterii

992 2063 1022 2097 S.
1039 2064 1204 2097 Michaelis
1223 2065 1261 2097 de
1279 2064 1310 2096 S.
1326 2064 1493 2104 Michaele,
1512 2064 1655 2097 eiusdem
1671 2064 1728 2098 Or-

993 2117 1311 2156 diiiis,Virdunensis
1337 2117 1507 2156 dioecesis,
1529 2118 1625 2150 modo
1649 2118 1728 2151 velit

993 2174 1024 2202 et
1040 2169 1152 2211 possit,
1171 2168 1203 2200 in
1221 2168 1327 2201 officio
1349 2168 1558 2201 visitationis³
1571 2180 1643 2202 cum
1662 2181 1728 2203 om-

992 2222 1084 2254 nibus
1102 2221 1306 2254 facultatibus
1323 2221 1426 2255 solitis
1446 2226 1477 2254 et
1504 2221 1602 2255 simili
1620 2222 1726 2257 officio

991 2273 1124 2306 annexis
1153 2278 1185 2306 et
1210 2274 1249 2306 de
1285 2273 1355 2305 iure
1389 2273 1660 2316 competentibus,
1686 2276 1725 2308 ad

992 2326 1167 2359 triennium
1192 2326 1355 2359 dumtaxat
1379 2325 1449 2368 (ita
1474 2331 1583 2360 tamen
1608 2332 1642 2360 ut
1665 2339 1725 2371 per

991 2389 1023 2411 se
1049 2379 1153 2422 ipsum
1171 2383 1203 2411 et
1222 2388 1288 2411 non
1311 2389 1369 2421 per
1392 2378 1493 2412 alium
1517 2380 1642 2422 singula
1659 2391 1724 2413 mo-

991 2431 1131 2465 nasteria
1154 2432 1268 2464 saltem
1299 2432 1400 2464 semel
1424 2431 1456 2464 in
1481 2432 1623 2465 triennio
1651 2433 1723 2465 visi-

1026 2502 1036 2528 1
1055 2501 1191 2528 Particula
1201 2503 1262 2529 tum
1274 2504 1379 2536 praeter
1390 2509 1447 2529 rem
1458 2509 1516 2529 esse
1527 2501 1631 2528 videtur
1639 2502 1720 2537 (as).
1743 2492 1746 2495 ”

1025 2546 1042 2574 2
1057 2546 1157 2574 Forsan
1172 2545 1316 2582 legendum
1331 2546 1489 2575 visitatoris
1505 2548 1540 2583 (a.
1556 2546 1604 2580 13).
