2111 3157
120 169 170 197 An,
189 169 216 196 C.
243 169 307 196 tcw

131 916 160 936 De
176 921 301 942 promoven-

117 943 149 962 du
174 943 199 961 ad
226 943 302 965 gratius

118 970 149 987 vel
160 969 219 989 nrtltn
228 976 252 989 Ν.
264 975 300 988 ner

116 1002 158 1015 ιω)
177 996 201 1016 de
218 998 301 1020 aptat-›-

362 159 419 192 tsi-2

314 273 731 317 causamp1·incisalem‚in
746 272 859 305 maiori
875 277 967 314 parte
983 282 1054 304 con-
1073 303 1075 327 ἰ

313 326 454 359 iudicum
482 325 716 357 remanentium
736 325 773 356 sit
795 330 827 356 et
851 330 1051 367 permaneat,
1073 330 1075 376 ξ

314 384 411 421 prout
433 379 475 410 ita
501 389 569 411 esse
589 385 618 410 et
635 388 831 420 permanere
856 378 1002 410 volumus
1023 383 1054 409 et.
1073 407 1074 412 ,

314 433 537 464 ‹sleclaramust
558 431 643 473 quod
671 431 696 462 si
723 430 826 463 maior
847 441 919 473 pars
941 430 1053 463 delini·
1073 454 1074 479 i

313 485 411 523 torii,
442 490 474 515 ut
501 494 605 526 supra,
633 494 697 516 non
722 484 895 523 manserit,
916 483 996 515 itaut
1020 483 1050 515 in

315 536 501 569 ‹tonnam-io
527 536 659 579 capituli
681 535 890 579 provincialis
908 537 957 568 vel
976 546 1052 568 con—

314 589 513 631 gregationis
539 589 751 621 intermediae
777 588 938 631 quinque,
965 594 995 620 et
1020 588 1051 620 in

314 642 500 674 ‹letinitorio
533 642 662 685 capituli
696 642 811 685 privati
842 647 905 674 tres
931 642 970 674 ad
996 642 1053 674 mi-

313 704 372 726 uus
399 700 508 737 patres
538 695 631 727 liberi
663 700 692 726 et
725 694 864 737 expediti
898 694 1051 733 existant,

314 752 389 779 tunc
410 757 469 790 pro
496 748 579 780 dicta
604 747 718 780 maiori
737 752 826 790 parte
853 747 1051 789 integranda,

314 800 352 832 ad
386 801 622 844 praescriptum
655 801 776 833 decreti
810 800 868 832 sub
901 810 988 832 num.
1022 810 1052 833 tx

315 854 514 897 suprapositi
531 853 773 889 ,inviolabiliter
797 854 1005 896 procedatur.

357 918 441 940 xxx'l.
469 907 579 939 Nullus
605 906 848 948 religiosorum,
878 907 931 949 qui
957 918 973 938 a
999 907 1052 939 dc-

314 970 384 991 cem
409 959 501 991 aunis
527 960 761 1002 professionem
780 959 810 991 in
830 959 941 991 cadem
967 958 1050 996 Quiti

313 1013 480 1056 prox-incia
505 1012 647 1045 emiserit
672 1013 722 1044 vel
748 1012 871 1044 emittet
889 1013 920 1044 in
944 1018 1051 1055 poste-

313 1077 394 1102 rum,
415 1066 446 1097 in
468 1065 680 1104 definitorem,
708 1070 886 1107 regentem,
913 1071 1052 1098 secreta-

1072 519 1074 535 l

312 1118 407 1157 rium,
426 1118 663 1157 doctrinaritun,
679 1117 954 1156 conciotiatoiwm,
969 1119 1051 1161 prio-

313 1182 380 1203 rem
401 1171 658 1203 etiamlndoruni
674 1172 721 1203 vel
738 1171 861 1213 praedii
882 1171 956 1213 eligi
978 1182 1050 1214 pos-

312 1225 365 1263 sit,
385 1224 446 1255 nisi
464 1235 523 1267 per
546 1224 715 1256 biennium
740 1223 903 1266 integrum
922 1224 1047 1264 artium,

313 1283 341 1309 et
368 1287 427 1320 per
452 1277 625 1309 triennium
644 1287 753 1309 sacrae
773 1278 955 1319 theologiae
982 1289 1052 1310 cur-

313 1341 364 1362 sus
380 1330 602 1372 compleverit,
623 1330 654 1362 in
672 1330 872 1362 confessores
885 1341 958 1362 vero
975 1331 1048 1373 eli-gi

312 1388 477 1425 poterunt,
492 1383 668 1414 dummodo
688 1382 718 1414 in
738 1383 865 1415 casibus
883 1384 1050 1416 conscien-

315 1436 375 1468 tiae
393 1436 454 1467 sint
473 1436 674 1468 sufficienter
700 1436 861 1468 instructi.
880 1437 901 1468 li
929 1442 1046 1473 autem,

315 1489 369 1531 qui
396 1500 431 1521 ex
466 1489 536 1522 aliis
574 1489 746 1531 provinciis
772 1500 788 1522 a
814 1490 925 1522 decem
958 1491 1049 1523 annis

314 1542 457 1580 Quitensi
484 1542 668 1585 provinciae
695 1547 769 1575 sunt
793 1543 898 1582 liliati,
918 1544 967 1576 vel
985 1544 1051 1576 affi-

314 1596 482 1629 liabuntur
516 1595 545 1627 in
571 1601 760 1638 posterum,
785 1595 967 1629 desinitorio
994 1608 1052 1639 per

314 1649 506 1682 istrumenta
538 1650 724 1682 authentica
760 1655 907 1682 constare
935 1651 1052 1683 faciant

316 1702 457 1744 qualiter
470 1702 652 1745 praedictos
667 1702 784 1738 artium
799 1708 830 1734 et
843 1713 949 1735 sacrae
967 1703 1052 1735 theo-

315 1755 422 1797 logiae
441 1765 550 1787 cursus
568 1755 599 1787 in
618 1755 792 1798 provinciis
809 1766 825 1787 a
844 1755 961 1798 quibus
979 1761 1053 1788 sunt

317 1806 454 1839 exsiliati
481 1808 698 1850 perfecerint,
729 1808 827 1847 alias,
859 1808 917 1840 sub
946 1811 1053 1851 poena

316 1860 532 1893 inhabilitatis
550 1861 588 1893 ad
610 1861 770 1893 recensita
787 1860 901 1901 officia,
926 1861 1053 1904 praedi-

316 1918 384 1946 ctos
402 1924 511 1946 cursus
536 1914 569 1945 in
594 1913 757 1956 provincia
782 1913 865 1952 Quiti
891 1915 1053 1956 complere

315 1971 502 1999 teneantur.
536 1966 573 1998 Et
605 1967 642 1999 ad
670 1967 832 1999 vitandam
859 1977 989 1999 onmem
1016 1967 1055 1998 ir-

316 2021 537 2061 regularitatis
562 2020 782 2063 suspicionem
803 2021 834 2052 in
853 2020 950 2053 sacris
970 2020 1056 2053 ordi-

317 2074 413 2106 nibus
440 2073 668 2116 suscipiendis,
689 2073 905 2116 praecipimus
924 2078 955 2105 et
971 2084 1056 2105 man-

318 2138 389 2159 mus
420 2127 598 2159 reverendo
634 2127 824 2169 provinciali
856 2137 912 2159 seu
937 2126 1054 2159 rectori

318 2181 525 2224 provinciali,
544 2191 670 2213 necnon
689 2181 881 2223 cuicumque
908 2180 1056 2212 definito·

320 2234 369 2266 rio
395 2234 488 2265 etiam
514 2233 644 2275 capituli
671 2232 879 2276 provincialis
909 2232 1054 2265 eiusdem

321 2287 505 2330 provinciae
531 2286 691 2324 Quitensis
727 2297 811 2318 nunc
836 2291 867 2318 et
892 2296 951 2329 pro
978 2291 1058 2318 tem-

321 2350 401 2383 pore
421 2339 642 2380 existentil‘uus,
661 2340 721 2371 sub
740 2339 853 2382 poenis
870 2338 1058 2382 privationis

321 2393 491 2435 utriusque
521 2392 607 2425 vocis
632 2403 690 2435 per
715 2392 919 2431 decennium,
949 2397 992 2431 ut,
1019 2391 1057 2423 ad

323 2456 464 2478 canones
490 2445 686 2477 sacrosancti
716 2444 849 2478 Concilii
868 2444 1057 2483 Tridentini,

323 2498 484 2540 religiosis
510 2498 643 2530 alterius
662 2498 858 2541 provinciae,
876 2498 971 2531 eliam
990 2508 1059 2530 curn

322 2552 454 2588 licentia
479 2562 609 2584 suorum
630 2551 875 2595 provincialium
902 2551 938 2584 ad
966 2551 1058 2584 istaut

901 170 1078 194 nt'LLAtut'M
1103 170 1254 195 nouxxt'st

316 224 387 259 turs
404 219 460 253 sed
486 219 581 263 plena
608 218 794 257 iuristlirtiO,
818 217 912 251 etiam
947 219 1052 260 quoad
1074 218 1077 248 f

1096 218 1278 256 Quitensem
1299 217 1543 259 divertentibus,
1563 218 1653 252 nullo
1673 219 1769 253 modo
1789 219 1835 252 di-

1096 271 1260 303 miseri-as
1276 271 1312 303 ad
1328 271 1459 303 ordines
1472 281 1581 303 sacros
1597 272 1831 314 suscipiendos,

1096 323 1219 355 etiamsi
1247 323 1277 355 in
1304 323 1350 355 eis
1376 323 1491 355 initiati
1513 323 1697 363 fuerint,de
1723 330 1832 357 cetero

1096 376 1291 415 coucedatur,
1318 386 1390 407 cum
1415 375 1603 408 huiusmodi
1630 376 1832 411 dimissoriae

1096 441 1112 461 a
1138 429 1277 472 propriis
1302 434 1333 461 et
1358 439 1422 461 non
1448 429 1487 461 ab
1513 429 1627 462 alienis
1651 430 1834 473 provincia-

1096 483 1178 514 libus
1211 482 1437 515 concedendae
1464 487 1548 515 sunt.
1577 483 1833 526 Animarumque

1096 541 1262 578 practerea
1292 535 1386 568 saluti
1421 536 1636 574 consulentes⁷
1653 537 1694 569 ob
1720 536 1833 570 imma-

1096 599 1168 620 nem
1189 593 1292 621 terrae
1318 589 1480 631 marisque
1506 588 1692 621 distantiam
1714 589 1752 621 ab
1770 590 1831 622 hac

1097 642 1237 674 Romana
1262 641 1517 683 Curia‚benigne
1543 642 1752 676 concedimus
1777 653 1834 686 pa-

1098 694 1133 726 tri
1161 694 1348 737 provinciali
1367 706 1423 727 seu
1445 695 1565 728 rectori
1591 695 1782 738 provinciali
1801 700 1833 728 et

1096 747 1320 780 definitoribus
1337 747 1433 780 etiam
1452 748 1585 791 capituli
1608 748 1723 791 privati
1739 759 1833 792 prae-

1096 801 1199 833 dictae
1220 801 1407 844 provinciae
1428 800 1603 841 Quitensis‚
1620 812 1705 834 nunc
1723 806 1754 834 et
1772 812 1831 845 pro

1097 860 1242 897 tempore
1269 855 1490 895 existentibus,
1511 860 1545 887 ut
1564 855 1737 898 religiosos
1758 866 1831 889 suos

1095 914 1275 950 apostatas,
1303 908 1429 941 etiamsi
1454 919 1471 941 a
1496 909 1597 941 multo
1630 914 1775 952 tempore
1801 914 1833 942 et

1094 963 1176 993 ultra
1194 972 1313 993 annum
1331 972 1347 993 a
1365 967 1537 1002 conventu,
1549 963 1600 995 vel
1617 962 1711 995 etiam
1726 973 1743 995 a
1758 973 1833 1005 pro-

1095 1015 1208 1055 vincia,
1228 1015 1324 1047 immo
1350 1019 1380 1047 et
1404 1025 1421 1046 a
1446 1014 1615 1056 religione,
1634 1026 1697 1048 non
1724 1021 1832 1049 tamen

1095 1080 1111 1101 a
1137 1067 1210 1106 fule,
1236 1067 1497 1111 apostataverint,
1521 1067 1668 1111 recipere
1695 1069 1830 1112 possint,

1094 1121 1229 1153 servatis
1256 1126 1360 1153 tamen
1380 1121 1486 1164 quoad
1513 1125 1622 1154 cetera
1647 1121 1833 1164 dispositio-

1095 1174 1189 1206 nibus
1200 1179 1383 1206 nostrarum
1402 1173 1680 1213 constitutionum,
1695 1179 1777 1217 part.
1790 1185 1830 1214 Vl,

1094 1239 1164 1270 cap.
1192 1238 1256 1267 Χῐν,
1284 1227 1323 1260 de
1348 1226 1503 1269 apostatis
1528 1227 1740 1270 recipiendis.

1136 1291 1232 1313 xxvn.
1248 1280 1286 1312 Ut
1302 1280 1445 1312 debitum
1457 1280 1637 1312 studiorum
1650 1280 1831 1322 praemium

1094 1333 1303 1366 benemeritis
1349 1332 1548 1365 retribuatur
1570 1359 1578 1372 ,
1614 1333 1832 1376 praecipimus

1094 1387 1178 1430 quod
1194 1387 1226 1418 in
1241 1387 1395 1419 lectorem
1411 1386 1526 1418 artium
1542 1386 1649 1418 nullus
1667 1386 1706 1418 de
1724 1390 1834 1419 cetero

1093 1445 1280 1479 assumatur,
1297 1439 1356 1471 nisi
1376 1439 1473 1482 prius,
1488 1450 1547 1482 per
1564 1439 1725 1481 integrum
1744 1439 1834 1472 bien·

1094 1492 1180 1524 nium
1199 1492 1313 1524 artium
1335 1492 1372 1524 ad
1399 1492 1514 1531 minus,
1531 1496 1562 1524 et
1579 1502 1638 1533 per
1662 1491 1836 1534 quadrien-

1095 1546 1181 1577 nium
1211 1544 1395 1586 theologiae
1432 1544 1647 1577 scholasticae
1684 1544 1833 1577 cursibus

1094 1598 1242 1641 peractis,
1258 1597 1420 1640 praevium
1434 1597 1614 1639 rigorosum
1630 1608 1763 1630 examen
1774 1608 1835 1641 per

1095 1651 1336 1694 oppositionem
1351 1650 1501 1684 lectionis
1516 1649 1769 1694 vigintiquatuor
1780 1651 1836 1684 ho-

1096 1715 1201 1736 rarum
1217 1715 1324 1736 coram
1338 1709 1428 1747 patre
1444 1704 1645 1746 provinciali,
1664 1704 1833 1746 superiore

1096 1756 1261 1789 ordinario
1280 1762 1468 1795 conventus,
1489 1756 1652 1798 magistris
1670 1766 1687 1789 a
1703 1756 1835 1800 provin-

1096 1810 1143 1842 cia
1167 1809 1351 1853 acceptatis,
1369 1809 1549 1842 studiorum
1569 1815 1712 1852 regente⁷
1735 1811 1834 1843 lecto-

1097 1863 1185 1895 ribus
1211 1869 1273 1895 tam
1300 1862 1479 1895 actualibus
1505 1873 1600 1905 quam
1626 1862 1780 1903 iubilatis,
1803 1868 1835 1895 et

1097 1916 1276 1948 studiorum
1293 1915 1446 1957 magistro
1465 1915 1591 1955 subeat,
1607 1926 1653 1955 ac,
1668 1924 1835 1958 argumen-

1098 1968 1136 2000 tis
1162 1967 1338 2007 satisfactis,
1358 1979 1375 2000 a
1395 1967 1510 2000 maiori
1537 1973 1628 2010 parte
1654 1968 1836 2011 praedicto-

1099 2032 1166 2053 rum
1185 2027 1311 2064 patrum
1330 2031 1388 2064 per
1408 2020 1556 2063 sutfragia
1582 2026 1705 2054 secreta
1723 2031 1836 2064 appro-

1098 2074 1190 2105 batus
1209 2073 1316 2105 fuerit:
1330 2073 1415 2106 inter
1431 2073 1629 2116 approbatos
1644 2072 1737 2106 vere¹
1752 2078 1836 2106 cete-

1099 2127 1142 2158 ris
1163 2126 1388 2169 praestantior,
1411 2137 1469 2169 pro
1488 2126 1594 2169 primo
1608 2126 1724 2159 artium
1738 2137 1834 2159 cursu

1099 2179 1237 2221 legendo
1263 2179 1454 2221 deputetur;
1474 2179 1560 2222 quod
1578 2179 1603 2212 si
1629 2180 1780 2222 aequales
1802 2179 1835 2211 in

1100 2232 1247 2265 doctrina
1265 2237 1470 2272 censeantur,
1491 2232 1655 2275 antiquior
1672 2232 1704 2264 in
1722 2231 1835 2265 studiis

1100 2285 1324 2325 scholasticis3
1351 2290 1383 2317 et
1409 2286 1482 2318 data
1507 2286 1539 2317 in
1566 2285 1604 2317 iis
1629 2285 1836 2328 aequalitate,

1101 2338 1264 2381 antiquior
1288 2338 1319 2370 in
1346 2338 1547 2381 professione
1573 2337 1642 2370 aliis
1667 2338 1837 2380 praefera-

1102 2396 1170 2423 tur:
1189 2391 1226 2423 ad
1244 2392 1416 2424 lectoratus
1440 2391 1550 2423 itidem
1569 2391 1771 2433 theologicos
1789 2391 1837 2422 in-

1103 2449 1151 2476 ter
1167 2443 1282 2476 artium
1303 2444 1442 2477 lectores
1459 2444 1513 2476 ille
1539 2443 1643 2486 primo
1658 2448 1838 2476 assumatur

1139 2561 1150 2585 1
1174 2558 1270 2595 Aptius
1286 2558 1344 2594 lege
1362 2567 1425 2587 vero
1446 2558 1482 2596 (tt.
1498 2558 1548 2594 τ.).

1843 155 1893 197 Αἠ.
1911 171 1938 198 c.
1959 172 2026 200 1579

1862 1291 1892 1312 De
1903 1290 2024 1313 lectoribus.
