<?xml version="1.0" encoding="UTF-8"?>
<!DOCTYPE html PUBLIC "-//W3C//DTD XHTML 1.0 Transitional//EN"
    "http://www.w3.org/TR/xhtml1/DTD/xhtml1-transitional.dtd">
<html xmlns="http://www.w3.org/1999/xhtml" xml:lang="en" lang="en">
 <head>
  <title>
</title>
<meta http-equiv="Content-Type" content="text/html;charset=utf-8" />
  <meta name='ocr-system' content='tesseract 3.04.00' />
  <meta name='ocr-capabilities' content='ocr_page ocr_carea ocr_par ocr_line ocrx_word'/>
</head>
<body>
  <div class='ocr_page' id='page_1' title='image "./bullarumdiplomat19cath_1003.png"; bbox 0 0 2111 3157; ppageno 0'>
   <div class='ocr_carea' id='block_1_1' title="bbox 834 201 1660 236">
    <p class='ocr_par' dir='ltr' id='par_1_1' title="bbox 834 201 1660 236">
     <span class='ocr_line' id='line_1_1' title="bbox 834 201 1660 236; baseline 0 0"><span class='ocrx_word' id='word_1_1' title='bbox 834 213 928 236; x_wconf 60' lang='lat' dir='ltr'>nvom</span> <span class='ocrx_word' id='word_1_2' title='bbox 954 212 1057 236; x_wconf 65' lang='lat' dir='ltr'>nannai</span> <span class='ocrx_word' id='word_1_3' title='bbox 1599 201 1660 236; x_wconf 81' lang='lat'>967</span> 
     </span>
    </p>
   </div>
   <div class='ocr_carea' id='block_1_2' title="bbox 175 262 1713 1469">
    <p class='ocr_par' dir='ltr' id='par_1_2' title="bbox 278 262 1706 361">
     <span class='ocr_line' id='line_1_2' title="bbox 279 262 1706 308; baseline 0 -11"><span class='ocrx_word' id='word_1_4' title='bbox 279 275 367 298; x_wconf 88' lang='lat' dir='ltr'>more</span> <span class='ocrx_word' id='word_1_5' title='bbox 390 264 422 297; x_wconf 90' lang='lat' dir='ltr'>in</span> <span class='ocrx_word' id='word_1_6' title='bbox 440 264 566 298; x_wconf 78' lang='lat' dir='ltr'>basilica</span> <span class='ocrx_word' id='word_1_7' title='bbox 590 265 741 308; x_wconf 86' lang='lat' dir='ltr'>Principis</span> <span class='ocrx_word' id='word_1_8' title='bbox 765 265 984 308; x_wconf 71' lang='lat' dir='ltr'>Apostolorum</span> <span class='ocrx_word' id='word_1_9' title='bbox 1010 263 1196 297; x_wconf 83' lang='lat' dir='ltr'>celebranda</span> <span class='ocrx_word' id='word_1_10' title='bbox 1227 267 1314 303; x_wconf 86' lang='lat' dir='ltr'>sunt,</span> <span class='ocrx_word' id='word_1_11' title='bbox 1340 263 1397 297; x_wconf 83' lang='grc'>191</span> <span class='ocrx_word' id='word_1_12' title='bbox 1427 263 1466 303; x_wconf 85' lang='lat' dir='ltr'>b,·</span> <span class='ocrx_word' id='word_1_13' title='bbox 1489 262 1520 295; x_wconf 91' lang='lat' dir='ltr'>in</span> <span class='ocrx_word' id='word_1_14' title='bbox 1550 262 1706 297; x_wconf 86' lang='lat' dir='ltr'>beatifica-</span> 
     </span>
     <span class='ocr_line' id='line_1_3' title="bbox 278 317 1312 361; baseline -0.001 -11"><span class='ocrx_word' id='word_1_15' title='bbox 278 318 415 351; x_wconf 85' lang='lat' dir='ltr'>tionibus</span> <span class='ocrx_word' id='word_1_16' title='bbox 438 328 517 361; x_wconf 86' lang='lat' dir='ltr'>quae</span> <span class='ocrx_word' id='word_1_17' title='bbox 534 318 683 350; x_wconf 85' lang='lat' dir='ltr'>servanda</span> <span class='ocrx_word' id='word_1_18' title='bbox 708 318 768 351; x_wconf 88' lang='lat' dir='ltr'>sint</span> <span class='ocrx_word' id='word_1_19' title='bbox 792 319 882 351; x_wconf 84' lang='lat' dir='ltr'>docet</span> <span class='ocrx_word' id='word_1_20' title='bbox 906 318 1053 358; x_wconf 76' lang='lat' dir='ltr'>Pontifex,</span> <span class='ocrx_word' id='word_1_21' title='bbox 1074 317 1137 351; x_wconf 70' lang='lat'>4⁶23</span> <span class='ocrx_word' id='word_1_22' title='bbox 1154 328 1173 349; x_wconf 78' lang='grc' dir='ltr'><em>α</em></span> <span class='ocrx_word' id='word_1_23' title='bbox 1198 322 1227 350; x_wconf 91' lang='lat' dir='ltr'>et</span> <span class='ocrx_word' id='word_1_24' title='bbox 1251 327 1312 360; x_wconf 81' lang='lat' dir='ltr'>seq.</span> 
     </span>
    </p>

    <p class='ocr_par' dir='ltr' id='par_1_3' title="bbox 191 369 1706 468">
     <span class='ocr_line' id='line_1_4' title="bbox 191 369 1706 414; baseline -0.001 -10"><span class='ocrx_word' id='word_1_25' title='bbox 191 370 347 405; x_wconf 78' lang='lat' dir='ltr'>Benedicti</span> <span class='ocrx_word' id='word_1_26' title='bbox 368 371 428 414; x_wconf 87' lang='lat' dir='ltr'>(S.)</span> <span class='ocrx_word' id='word_1_27' title='bbox 446 371 554 414; x_wconf 86' lang='lat' dir='ltr'>regula</span> <span class='ocrx_word' id='word_1_28' title='bbox 570 371 704 404; x_wconf 87' lang='lat' dir='ltr'>refertur</span> <span class='ocrx_word' id='word_1_29' title='bbox 722 381 791 403; x_wconf 90' lang='lat' dir='ltr'>cum</span> <span class='ocrx_word' id='word_1_30' title='bbox 810 371 937 404; x_wconf 89' lang='lat' dir='ltr'>adiectis</span> <span class='ocrx_word' id='word_1_31' title='bbox 956 370 1217 404; x_wconf 78' lang='lat' dir='ltr'>declarationibus</span> <span class='ocrx_word' id='word_1_32' title='bbox 1240 369 1495 413; x_wconf 84' lang='lat' dir='ltr'>Congregationis</span> <span class='ocrx_word' id='word_1_33' title='bbox 1516 369 1706 404; x_wconf 83' lang='lat' dir='ltr'>Cassinensis</span> 
     </span>
     <span class='ocr_line' id='line_1_5' title="bbox 279 424 843 468; baseline -0.002 -11"><span class='ocrx_word' id='word_1_34' title='bbox 279 425 416 458; x_wconf 91' lang='lat' dir='ltr'>eiusdem</span> <span class='ocrx_word' id='word_1_35' title='bbox 442 424 574 465; x_wconf 82' lang='lat' dir='ltr'>Ordinis,</span> <span class='ocrx_word' id='word_1_36' title='bbox 600 424 663 456; x_wconf 73' lang='lat'>0276</span> <span class='ocrx_word' id='word_1_37' title='bbox 688 436 706 457; x_wconf 83' lang='grc' dir='ltr'><em>α</em></span> <span class='ocrx_word' id='word_1_38' title='bbox 732 430 761 456; x_wconf 93' lang='lat' dir='ltr'>et</span> <span class='ocrx_word' id='word_1_39' title='bbox 784 436 843 468; x_wconf 81' lang='lat' dir='ltr'>seq.</span> 
     </span>
    </p>

    <p class='ocr_par' dir='ltr' id='par_1_4' title="bbox 175 476 1030 518">
     <span class='ocr_line' id='line_1_6' title="bbox 175 476 1030 518; baseline -0.001 -8"><span class='ocrx_word' id='word_1_40' title='bbox 175 477 391 518; x_wconf 69' lang='lat' dir='ltr'>‘Benedictini,</span> <span class='ocrx_word' id='word_1_41' title='bbox 415 478 476 510; x_wconf 79' lang='lat' dir='ltr'>vid.</span> <span class='ocrx_word' id='word_1_42' title='bbox 500 477 640 510; x_wconf 86' lang='lat' dir='ltr'>Monachi</span> <span class='ocrx_word' id='word_1_43' title='bbox 665 477 788 510; x_wconf 88' lang='lat' dir='ltr'>Ordinis</span> <span class='ocrx_word' id='word_1_44' title='bbox 812 477 839 509; x_wconf 90' lang='lat' dir='ltr'>S.</span> <span class='ocrx_word' id='word_1_45' title='bbox 866 476 1030 513; x_wconf 77' lang='lat' dir='ltr'>Benedicti.</span> 
     </span>
    </p>

    <p class='ocr_par' dir='ltr' id='par_1_5' title="bbox 190 529 977 569">
     <span class='ocr_line' id='line_1_7' title="bbox 190 529 977 569; baseline -0.001 -6"><span class='ocrx_word' id='word_1_46' title='bbox 190 530 375 563; x_wconf 82' lang='lat' dir='ltr'>Benedictus</span> <span class='ocrx_word' id='word_1_47' title='bbox 399 529 590 569; x_wconf 87' lang='lat' dir='ltr'>Odescalchi‚</span> <span class='ocrx_word' id='word_1_48' title='bbox 614 530 684 562; x_wconf 69' lang='lat' dir='ltr'>virle</span> <span class='ocrx_word' id='word_1_49' title='bbox 708 529 904 563; x_wconf 81' lang='lat' dir='ltr'>Innocentius</span> <span class='ocrx_word' id='word_1_50' title='bbox 929 530 977 562; x_wconf 65' lang='lat' dir='ltr'>xl.</span> 
     </span>
    </p>

    <p class='ocr_par' dir='ltr' id='par_1_6' title="bbox 190 582 1709 783">
     <span class='ocr_line' id='line_1_8' title="bbox 190 582 1708 625; baseline -0.001 -9"><span class='ocrx_word' id='word_1_51' title='bbox 190 582 342 616; x_wconf 81' lang='lat' dir='ltr'>Beneficia</span> <span class='ocrx_word' id='word_1_52' title='bbox 359 582 499 615; x_wconf 78' lang='lat' dir='ltr'>abbatiae</span> <span class='ocrx_word' id='word_1_53' title='bbox 518 582 547 615; x_wconf 88' lang='lat' dir='ltr'>S.</span> <span class='ocrx_word' id='word_1_54' title='bbox 565 582 679 621; x_wconf 85' lang='lat' dir='ltr'>Rufilli,</span> <span class='ocrx_word' id='word_1_55' title='bbox 696 583 766 615; x_wconf 69' lang='lat' dir='ltr'>vide</span> <span class='ocrx_word' id='word_1_56' title='bbox 782 582 910 615; x_wconf 67' lang='lat' dir='ltr'>Basilica</span> <span class='ocrx_word' id='word_1_57' title='bbox 929 583 957 616; x_wconf 91' lang='lat' dir='ltr'>S.</span> <span class='ocrx_word' id='word_1_58' title='bbox 977 582 1068 615; x_wconf 85' lang='lat' dir='ltr'>Petri.</span> <span class='ocrx_word' id='word_1_59' title='bbox 1089 601 1130 606; x_wconf 94' lang='lat'><strong>—</strong></span> <span class='ocrx_word' id='word_1_60' title='bbox 1148 582 1301 615; x_wconf 84' lang='lat' dir='ltr'>Beneficia</span> <span class='ocrx_word' id='word_1_61' title='bbox 1318 587 1476 625; x_wconf 87' lang='lat' dir='ltr'>nequeunt</span> <span class='ocrx_word' id='word_1_62' title='bbox 1499 582 1639 615; x_wconf 87' lang='lat' dir='ltr'>obtinere</span> <span class='ocrx_word' id='word_1_63' title='bbox 1656 591 1708 614; x_wconf 87' lang='lat' dir='ltr'>ca-</span> 
     </span>
     <span class='ocr_line' id='line_1_9' title="bbox 276 634 1709 678; baseline -0.001 -11"><span class='ocrx_word' id='word_1_64' title='bbox 276 635 379 668; x_wconf 87' lang='lat' dir='ltr'>nonici</span> <span class='ocrx_word' id='word_1_65' title='bbox 403 636 562 677; x_wconf 78' lang='lat' dir='ltr'>regulares</span> <span class='ocrx_word' id='word_1_66' title='bbox 589 635 617 668; x_wconf 88' lang='lat' dir='ltr'>S.</span> <span class='ocrx_word' id='word_1_67' title='bbox 648 635 811 677; x_wconf 77' lang='lat' dir='ltr'>Augustini</span> <span class='ocrx_word' id='word_1_68' title='bbox 836 635 902 668; x_wconf 89' lang='lat' dir='ltr'>sine</span> <span class='ocrx_word' id='word_1_69' title='bbox 924 635 1049 668; x_wconf 85' lang='lat' dir='ltr'>licentia</span> <span class='ocrx_word' id='word_1_70' title='bbox 1072 635 1254 678; x_wconf 79' lang='lat' dir='ltr'>superioris,</span> <span class='ocrx_word' id='word_1_71' title='bbox 1286 635 1355 667; x_wconf 78' lang='lat' dir='ltr'>vide</span> <span class='ocrx_word' id='word_1_72' title='bbox 1379 634 1524 667; x_wconf 89' lang='lat' dir='ltr'>Canonici</span> <span class='ocrx_word' id='word_1_73' title='bbox 1550 635 1709 676; x_wconf 78' lang='lat' dir='ltr'>regulares</span> 
     </span>
     <span class='ocr_line' id='line_1_10' title="bbox 276 687 1709 731; baseline -0.001 -9"><span class='ocrx_word' id='word_1_74' title='bbox 276 688 400 722; x_wconf 79' lang='lat' dir='ltr'>Ordinis</span> <span class='ocrx_word' id='word_1_75' title='bbox 417 688 445 721; x_wconf 92' lang='lat' dir='ltr'>S.</span> <span class='ocrx_word' id='word_1_76' title='bbox 459 687 633 731; x_wconf 82' lang='lat' dir='ltr'>Augustini.</span> <span class='ocrx_word' id='word_1_77' title='bbox 652 707 693 712; x_wconf 88' lang='lat'><strong>—</strong></span> <span class='ocrx_word' id='word_1_78' title='bbox 710 688 863 721; x_wconf 79' lang='lat' dir='ltr'>Beneficia</span> <span class='ocrx_word' id='word_1_79' title='bbox 879 698 1094 731; x_wconf 88' lang='lat' dir='ltr'>quaecumque</span> <span class='ocrx_word' id='word_1_80' title='bbox 1111 687 1282 720; x_wconf 78' lang='lat' dir='ltr'>saecularia</span> <span class='ocrx_word' id='word_1_81' title='bbox 1298 687 1441 720; x_wconf 87' lang='lat' dir='ltr'>obtinere</span> <span class='ocrx_word' id='word_1_82' title='bbox 1458 691 1586 730; x_wconf 85' lang='lat' dir='ltr'>possunt</span> <span class='ocrx_word' id='word_1_83' title='bbox 1603 687 1709 720; x_wconf 88' lang='lat' dir='ltr'>clerici</span> 
     </span>
     <span class='ocr_line' id='line_1_11' title="bbox 277 732 1709 783; baseline -0.001 -9"><span class='ocrx_word' id='word_1_84' title='bbox 277 741 450 774; x_wconf 78' lang='lat' dir='ltr'>saeculares</span> <span class='ocrx_word' id='word_1_85' title='bbox 475 741 506 773; x_wconf 91' lang='lat' dir='ltr'>in</span> <span class='ocrx_word' id='word_1_86' title='bbox 529 741 689 773; x_wconf 89' lang='lat' dir='ltr'>communi</span> <span class='ocrx_word' id='word_1_87' title='bbox 712 741 865 783; x_wconf 87' lang='lat' dir='ltr'>viventes,</span> <span class='ocrx_word' id='word_1_88' title='bbox 890 741 960 774; x_wconf 75' lang='lat' dir='ltr'>vide</span> <span class='ocrx_word' id='word_1_89' title='bbox 984 740 1093 774; x_wconf 84' lang='lat' dir='ltr'>Clerici</span> <span class='ocrx_word' id='word_1_90' title='bbox 1118 740 1292 772; x_wconf 80' lang='lat' dir='ltr'>saeculares</span> <span class='ocrx_word' id='word_1_91' title='bbox 1322 732 1352 772; x_wconf 59' lang='lat' dir='ltr'>i&#39;n</span> <span class='ocrx_word' id='word_1_92' title='bbox 1376 739 1535 772; x_wconf 87' lang='lat' dir='ltr'>communi</span> <span class='ocrx_word' id='word_1_93' title='bbox 1559 739 1709 773; x_wconf 82' lang='lat' dir='ltr'>viventes·</span> 
     </span>
    </p>

    <p class='ocr_par' dir='ltr' id='par_1_7' title="bbox 189 793 1309 837">
     <span class='ocr_line' id='line_1_12' title="bbox 189 793 1309 837; baseline -0.004 -9"><span class='ocrx_word' id='word_1_94' title='bbox 189 794 350 828; x_wconf 86' lang='lat' dir='ltr'>Beneficiis</span> <span class='ocrx_word' id='word_1_95' title='bbox 369 794 462 828; x_wconf 85' lang='lat' dir='ltr'>totius</span> <span class='ocrx_word' id='word_1_96' title='bbox 486 793 561 826; x_wconf 89' lang='lat' dir='ltr'>cleri</span> <span class='ocrx_word' id='word_1_97' title='bbox 585 794 689 826; x_wconf 89' lang='lat' dir='ltr'>Italiae</span> <span class='ocrx_word' id='word_1_98' title='bbox 713 794 851 827; x_wconf 87' lang='lat' dir='ltr'>decimae</span> <span class='ocrx_word' id='word_1_99' title='bbox 875 794 1048 837; x_wconf 82' lang='lat' dir='ltr'>impositae,</span> <span class='ocrx_word' id='word_1_100' title='bbox 1068 794 1137 826; x_wconf 72' lang='lat' dir='ltr'>vide</span> <span class='ocrx_word' id='word_1_101' title='bbox 1156 793 1309 825; x_wconf 81' lang='lat' dir='ltr'>Decimae.</span> 
     </span>
    </p>

    <p class='ocr_par' dir='ltr' id='par_1_8' title="bbox 189 846 1126 885">
     <span class='ocr_line' id='line_1_13' title="bbox 189 846 1126 885; baseline -0.003 -5"><span class='ocrx_word' id='word_1_102' title='bbox 189 846 442 885; x_wconf 88' lang='lat' dir='ltr'>Bethlehemitae,</span> <span class='ocrx_word' id='word_1_103' title='bbox 466 847 536 879; x_wconf 78' lang='lat' dir='ltr'>vide</span> <span class='ocrx_word' id='word_1_104' title='bbox 559 846 799 879; x_wconf 80' lang='lat' dir='ltr'>Confraternitas</span> <span class='ocrx_word' id='word_1_105' title='bbox 819 846 1126 880; x_wconf 84' lang='lat' dir='ltr'>Bethlehemitarum.</span> 
     </span>
    </p>

    <p class='ocr_par' dir='ltr' id='par_1_9' title="bbox 190 896 1470 943">
     <span class='ocr_line' id='line_1_14' title="bbox 190 896 1470 943; baseline -0.002 -11"><span class='ocrx_word' id='word_1_106' title='bbox 190 900 380 933; x_wconf 86' lang='lat' dir='ltr'>Bibliotheca</span> <span class='ocrx_word' id='word_1_107' title='bbox 404 899 646 943; x_wconf 78' lang='lat' dir='ltr'>archigymnasii</span> <span class='ocrx_word' id='word_1_108' title='bbox 671 899 854 942; x_wconf 73' lang='lat' dir='ltr'>Sapientiae,</span> <span class='ocrx_word' id='word_1_109' title='bbox 878 900 948 932; x_wconf 80' lang='lat' dir='ltr'>vide</span> <span class='ocrx_word' id='word_1_110' title='bbox 970 897 1262 942; x_wconf 74' lang='lat' dir='ltr'>Archigymnasium</span> <span class='ocrx_word' id='word_1_111' title='bbox 1287 896 1470 940; x_wconf 85' lang='lat' dir='ltr'>Sapientiae.</span> 
     </span>
    </p>

    <p class='ocr_par' dir='ltr' id='par_1_10' title="bbox 190 950 1712 1048">
     <span class='ocr_line' id='line_1_15' title="bbox 190 950 1712 995; baseline -0.001 -10"><span class='ocrx_word' id='word_1_112' title='bbox 190 952 391 986; x_wconf 88' lang='lat' dir='ltr'>Bituricensis</span> <span class='ocrx_word' id='word_1_113' title='bbox 414 951 576 995; x_wconf 88' lang='lat' dir='ltr'>provincia</span> <span class='ocrx_word' id='word_1_114' title='bbox 599 950 854 991; x_wconf 85' lang='lat' dir='ltr'>dismembratur,</span> <span class='ocrx_word' id='word_1_115' title='bbox 878 956 911 984; x_wconf 88' lang='lat' dir='ltr'>ut</span> <span class='ocrx_word' id='word_1_116' title='bbox 939 951 1092 984; x_wconf 85' lang='lat' dir='ltr'>Albiensis</span> <span class='ocrx_word' id='word_1_117' title='bbox 1116 950 1410 994; x_wconf 28' lang='lat' dir='ltr'>archiepiscopatus,</span> <span class='ocrx_word' id='word_1_118' title='bbox 1426 950 1584 994; x_wconf 82' lang='lat' dir='ltr'>erigatur,</span> <span class='ocrx_word' id='word_1_119' title='bbox 1608 950 1671 985; x_wconf 80' lang='lat'>113</span> <span class='ocrx_word' id='word_1_120' title='bbox 1694 950 1712 984; x_wconf 83' lang='lat' dir='ltr'><em>b</em></span> 
     </span>
     <span class='ocr_line' id='line_1_16' title="bbox 277 1004 1052 1048; baseline -0.003 -10"><span class='ocrx_word' id='word_1_121' title='bbox 277 1008 307 1038; x_wconf 84' lang='lat' dir='ltr'>et</span> <span class='ocrx_word' id='word_1_122' title='bbox 329 1015 399 1048; x_wconf 84' lang='lat' dir='ltr'>seq.;</span> <span class='ocrx_word' id='word_1_123' title='bbox 423 1005 490 1037; x_wconf 80' lang='lat' dir='ltr'>vide</span> <span class='ocrx_word' id='word_1_124' title='bbox 515 1004 687 1047; x_wconf 85' lang='lat' dir='ltr'>Capitulum</span> <span class='ocrx_word' id='word_1_125' title='bbox 712 1005 861 1037; x_wconf 84' lang='lat' dir='ltr'>ecclesiae</span> <span class='ocrx_word' id='word_1_126' title='bbox 886 1004 1052 1038; x_wconf 78' lang='lat' dir='ltr'>Albiensis.</span> 
     </span>
    </p>

    <p class='ocr_par' dir='ltr' id='par_1_11' title="bbox 190 1056 1713 1415">
     <span class='ocr_line' id='line_1_17' title="bbox 190 1056 1711 1100; baseline -0.001 -10"><span class='ocrx_word' id='word_1_127' title='bbox 190 1058 286 1091; x_wconf 78' lang='lat' dir='ltr'>Breve</span> <span class='ocrx_word' id='word_1_128' title='bbox 302 1057 524 1100; x_wconf 83' lang='lat' dir='ltr'>Apostolicum‚</span> <span class='ocrx_word' id='word_1_129' title='bbox 542 1066 604 1099; x_wconf 88' lang='lat' dir='ltr'>quo</span> <span class='ocrx_word' id='word_1_130' title='bbox 625 1057 740 1089; x_wconf 88' lang='lat' dir='ltr'>electus</span> <span class='ocrx_word' id='word_1_131' title='bbox 760 1057 816 1088; x_wconf 84' lang='lat' dir='ltr'>fuit</span> <span class='ocrx_word' id='word_1_132' title='bbox 835 1056 923 1100; x_wconf 90' lang='lat' dir='ltr'>prior</span> <span class='ocrx_word' id='word_1_133' title='bbox 942 1056 1142 1099; x_wconf 86' lang='lat' dir='ltr'>provincialis</span> <span class='ocrx_word' id='word_1_134' title='bbox 1158 1056 1282 1090; x_wconf 85' lang='lat' dir='ltr'>Ordinis</span> <span class='ocrx_word' id='word_1_135' title='bbox 1298 1056 1534 1090; x_wconf 86' lang='lat' dir='ltr'>Carmelitarum</span> <span class='ocrx_word' id='word_1_136' title='bbox 1551 1057 1581 1089; x_wconf 90' lang='lat' dir='ltr'>in</span> <span class='ocrx_word' id='word_1_137' title='bbox 1598 1056 1711 1099; x_wconf 89' lang='lat' dir='ltr'>Sicilia,</span> 
     </span>
     <span class='ocr_line' id='line_1_18' title="bbox 276 1106 1711 1149; baseline 0 -7"><span class='ocrx_word' id='word_1_138' title='bbox 276 1109 314 1142; x_wconf 88' lang='lat' dir='ltr'>ad</span> <span class='ocrx_word' id='word_1_139' title='bbox 339 1109 489 1142; x_wconf 86' lang='lat' dir='ltr'>tollendas</span> <span class='ocrx_word' id='word_1_140' title='bbox 510 1109 608 1142; x_wconf 91' lang='lat' dir='ltr'>litium</span> <span class='ocrx_word' id='word_1_141' title='bbox 627 1109 817 1149; x_wconf 86' lang='lat' dir='ltr'>occasiones,</span> <span class='ocrx_word' id='word_1_142' title='bbox 835 1108 949 1141; x_wconf 89' lang='lat' dir='ltr'>clarius</span> <span class='ocrx_word' id='word_1_143' title='bbox 973 1109 1109 1142; x_wconf 85' lang='lat' dir='ltr'>declarat</span> <span class='ocrx_word' id='word_1_144' title='bbox 1126 1109 1277 1149; x_wconf 85' lang='lat' dir='ltr'>Pontifex,</span> <span class='ocrx_word' id='word_1_145' title='bbox 1297 1109 1331 1142; x_wconf 87' lang='grc'>71</span> <span class='ocrx_word' id='word_1_146' title='bbox 1354 1120 1396 1148; x_wconf 79' lang='grc' dir='ltr'>α,·</span> <span class='ocrx_word' id='word_1_147' title='bbox 1422 1109 1495 1141; x_wconf 90' lang='lat' dir='ltr'>item</span> <span class='ocrx_word' id='word_1_148' title='bbox 1521 1106 1629 1143; x_wconf 84' lang='lat' dir='ltr'>Brevia</span> <span class='ocrx_word' id='word_1_149' title='bbox 1649 1109 1711 1142; x_wconf 91' lang='lat' dir='ltr'>duo</span> 
     </span>
     <span class='ocr_line' id='line_1_19' title="bbox 280 1161 1713 1206; baseline -0.001 -11"><span class='ocrx_word' id='word_1_150' title='bbox 280 1162 456 1205; x_wconf 80' lang='lat' dir='ltr'>Apostolica</span> <span class='ocrx_word' id='word_1_151' title='bbox 475 1162 591 1195; x_wconf 87' lang='lat' dir='ltr'>Urbani</span> <span class='ocrx_word' id='word_1_152' title='bbox 609 1162 672 1194; x_wconf 91' lang='lat' dir='ltr'>Vlll</span> <span class='ocrx_word' id='word_1_153' title='bbox 689 1173 747 1205; x_wconf 89' lang='lat' dir='ltr'>pro</span> <span class='ocrx_word' id='word_1_154' title='bbox 766 1161 936 1194; x_wconf 89' lang='lat' dir='ltr'>Minoribus</span> <span class='ocrx_word' id='word_1_155' title='bbox 953 1162 1149 1194; x_wconf 87' lang='lat' dir='ltr'>Discalceatis</span> <span class='ocrx_word' id='word_1_156' title='bbox 1166 1162 1347 1206; x_wconf 82' lang='lat' dir='ltr'>provinciae</span> <span class='ocrx_word' id='word_1_157' title='bbox 1370 1161 1399 1194; x_wconf 82' lang='lat' dir='ltr'>S.</span> <span class='ocrx_word' id='word_1_158' title='bbox 1418 1161 1540 1204; x_wconf 88' lang='lat' dir='ltr'>losephi</span> <span class='ocrx_word' id='word_1_159' title='bbox 1564 1161 1713 1194; x_wconf 89' lang='lat' dir='ltr'>adversus</span> 
     </span>
     <span class='ocr_line' id='line_1_20' title="bbox 278 1214 1713 1258; baseline 0 -11"><span class='ocrx_word' id='word_1_160' title='bbox 278 1215 389 1247; x_wconf 86' lang='lat' dir='ltr'>fratres</span> <span class='ocrx_word' id='word_1_161' title='bbox 419 1215 550 1246; x_wconf 90' lang='lat' dir='ltr'>aliarum</span> <span class='ocrx_word' id='word_1_162' title='bbox 585 1214 817 1258; x_wconf 85' lang='lat' dir='ltr'>provinciarum</span> <span class='ocrx_word' id='word_1_163' title='bbox 843 1214 880 1246; x_wconf 87' lang='lat' dir='ltr'>ad</span> <span class='ocrx_word' id='word_1_164' title='bbox 905 1215 1023 1247; x_wconf 89' lang='lat' dir='ltr'>curiam</span> <span class='ocrx_word' id='word_1_165' title='bbox 1048 1215 1168 1248; x_wconf 85' lang='lat' dir='ltr'>Madriti</span> <span class='ocrx_word' id='word_1_166' title='bbox 1193 1215 1393 1257; x_wconf 85' lang='lat' dir='ltr'>accedentes,</span> <span class='ocrx_word' id='word_1_167' title='bbox 1418 1215 1521 1255; x_wconf 82' lang='lat' dir='ltr'>refert,</span> <span class='ocrx_word' id='word_1_168' title='bbox 1547 1214 1713 1247; x_wconf 82' lang='lat' dir='ltr'>confirmat</span> 
     </span>
     <span class='ocr_line' id='line_1_21' title="bbox 278 1266 1711 1311; baseline 0 -12"><span class='ocrx_word' id='word_1_169' title='bbox 278 1273 308 1300; x_wconf 83' lang='lat' dir='ltr'>ct</span> <span class='ocrx_word' id='word_1_170' title='bbox 326 1268 460 1307; x_wconf 82' lang='lat' dir='ltr'>innovat,</span> <span class='ocrx_word' id='word_1_171' title='bbox 479 1266 543 1300; x_wconf 46' lang='lat'>‘184</span> <span class='ocrx_word' id='word_1_172' title='bbox 562 1268 578 1299; x_wconf 85' lang='lat' dir='ltr'>b</span> <span class='ocrx_word' id='word_1_173' title='bbox 596 1272 625 1300; x_wconf 92' lang='lat' dir='ltr'>et</span> <span class='ocrx_word' id='word_1_174' title='bbox 641 1279 720 1311; x_wconf 54' lang='lat' dir='ltr'>sequ,</span> <span class='ocrx_word' id='word_1_175' title='bbox 742 1268 814 1299; x_wconf 86' lang='lat' dir='ltr'>item</span> <span class='ocrx_word' id='word_1_176' title='bbox 833 1268 928 1300; x_wconf 85' lang='lat' dir='ltr'>Breve</span> <span class='ocrx_word' id='word_1_177' title='bbox 945 1268 1170 1310; x_wconf 78' lang='lat' dir='ltr'>segregationis</span> <span class='ocrx_word' id='word_1_178' title='bbox 1188 1268 1396 1311; x_wconf 79' lang='lat' dir='ltr'>quorumdam</span> <span class='ocrx_word' id='word_1_179' title='bbox 1413 1268 1638 1300; x_wconf 83' lang='lat' dir='ltr'>coenobiorum</span> <span class='ocrx_word' id='word_1_180' title='bbox 1655 1266 1711 1299; x_wconf 89' lang='lat' dir='ltr'>Or-</span> 
     </span>
     <span class='ocr_line' id='line_1_22' title="bbox 281 1319 1712 1363; baseline 0 -11"><span class='ocrx_word' id='word_1_181' title='bbox 281 1320 361 1352; x_wconf 89' lang='lat' dir='ltr'>dinis</span> <span class='ocrx_word' id='word_1_182' title='bbox 392 1320 421 1353; x_wconf 91' lang='lat' dir='ltr'>S.</span> <span class='ocrx_word' id='word_1_183' title='bbox 448 1320 603 1353; x_wconf 88' lang='lat' dir='ltr'>Francisci</span> <span class='ocrx_word' id='word_1_184' title='bbox 628 1320 665 1352; x_wconf 88' lang='lat' dir='ltr'>de</span> <span class='ocrx_word' id='word_1_185' title='bbox 692 1319 894 1353; x_wconf 72' lang='lat' dir='ltr'>observantia</span> <span class='ocrx_word' id='word_1_186' title='bbox 919 1330 935 1352; x_wconf 87' lang='lat' dir='ltr'>a</span> <span class='ocrx_word' id='word_1_187' title='bbox 959 1320 1126 1363; x_wconf 81' lang='lat' dir='ltr'>provinciis</span> <span class='ocrx_word' id='word_1_188' title='bbox 1151 1321 1265 1353; x_wconf 75' lang='lat' dir='ltr'>Veneta</span> <span class='ocrx_word' id='word_1_189' title='bbox 1290 1324 1319 1352; x_wconf 91' lang='lat' dir='ltr'>et</span> <span class='ocrx_word' id='word_1_190' title='bbox 1355 1319 1562 1360; x_wconf 86' lang='lat' dir='ltr'>Bononiensi,</span> <span class='ocrx_word' id='word_1_191' title='bbox 1590 1329 1712 1353; x_wconf 89' lang='lat' dir='ltr'>necnon</span> 
     </span>
     <span class='ocr_line' id='line_1_23' title="bbox 280 1372 1535 1415; baseline 0 -11"><span class='ocrx_word' id='word_1_192' title='bbox 280 1372 511 1415; x_wconf 81' lang='lat' dir='ltr'>aggregationis</span> <span class='ocrx_word' id='word_1_193' title='bbox 536 1372 717 1405; x_wconf 84' lang='lat' dir='ltr'>eorumdem</span> <span class='ocrx_word' id='word_1_194' title='bbox 743 1372 780 1404; x_wconf 87' lang='lat' dir='ltr'>ad</span> <span class='ocrx_word' id='word_1_195' title='bbox 804 1372 1075 1414; x_wconf 80' lang='lat' dir='ltr'>Mediolanensem,</span> <span class='ocrx_word' id='word_1_196' title='bbox 1101 1373 1269 1413; x_wconf 78' lang='lat' dir='ltr'>revocavit,</span> <span class='ocrx_word' id='word_1_197' title='bbox 1294 1372 1353 1406; x_wconf 69' lang='lat'>921</span> <span class='ocrx_word' id='word_1_198' title='bbox 1382 1372 1399 1404; x_wconf 87' lang='lat' dir='ltr'>b</span> <span class='ocrx_word' id='word_1_199' title='bbox 1423 1377 1453 1405; x_wconf 88' lang='lat' dir='ltr'>et</span> <span class='ocrx_word' id='word_1_200' title='bbox 1476 1382 1535 1415; x_wconf 83' lang='lat' dir='ltr'>seq.</span> 
     </span>
    </p>

    <p class='ocr_par' dir='ltr' id='par_1_12' title="bbox 190 1424 1296 1469">
     <span class='ocr_line' id='line_1_24' title="bbox 190 1424 1296 1469; baseline -0.001 -11"><span class='ocrx_word' id='word_1_201' title='bbox 190 1425 363 1462; x_wconf 71' lang='lat' dir='ltr'>Briaittani,</span> <span class='ocrx_word' id='word_1_202' title='bbox 388 1425 457 1458; x_wconf 77' lang='lat' dir='ltr'>vide</span> <span class='ocrx_word' id='word_1_203' title='bbox 480 1425 687 1468; x_wconf 71' lang='lat' dir='ltr'>congregatio</span> <span class='ocrx_word' id='word_1_204' title='bbox 707 1425 962 1469; x_wconf 79' lang='lat' dir='ltr'>Brigittanorum.</span> <span class='ocrx_word' id='word_1_205' title='bbox 1293 1424 1296 1426; x_wconf 52' lang='lat'><em>⁷</em></span> 
     </span>
    </p>
   </div>
   <div class='ocr_carea' id='block_1_3' title="bbox 945 1574 966 1607">
    <p class='ocr_par' dir='ltr' id='par_1_13' title="bbox 945 1574 966 1607">
     <span class='ocr_line' id='line_1_25' title="bbox 945 1574 966 1607; baseline 0 0"><span class='ocrx_word' id='word_1_206' title='bbox 945 1574 966 1607; x_wconf 92' lang='lat' dir='ltr'>C</span> 
     </span>
    </p>
   </div>
   <div class='ocr_carea' id='block_1_4' title="bbox 191 1738 1713 2576">
    <p class='ocr_par' dir='ltr' id='par_1_14' title="bbox 193 1738 1712 1835">
     <span class='ocr_line' id='line_1_26' title="bbox 193 1738 1712 1788; baseline -0.004 -10"><span class='ocrx_word' id='word_1_207' title='bbox 193 1745 384 1788; x_wconf 82' lang='lat' dir='ltr'>Cachupines</span> <span class='ocrx_word' id='word_1_208' title='bbox 408 1743 578 1786; x_wconf 84' lang='lat' dir='ltr'>nuncupati</span> <span class='ocrx_word' id='word_1_209' title='bbox 612 1743 722 1775; x_wconf 80' lang='lat' dir='ltr'>fratres</span> <span class='ocrx_word' id='word_1_210' title='bbox 753 1742 886 1775; x_wconf 83' lang='lat' dir='ltr'>Minores</span> <span class='ocrx_word' id='word_1_211' title='bbox 911 1742 939 1775; x_wconf 92' lang='lat' dir='ltr'>S.</span> <span class='ocrx_word' id='word_1_212' title='bbox 966 1741 1121 1774; x_wconf 83' lang='lat' dir='ltr'>Francisci</span> <span class='ocrx_word' id='word_1_213' title='bbox 1151 1741 1188 1773; x_wconf 89' lang='lat' dir='ltr'>de</span> <span class='ocrx_word' id='word_1_214' title='bbox 1217 1738 1419 1773; x_wconf 85' lang='lat' dir='ltr'>Observantia</span> <span class='ocrx_word' id='word_1_215' title='bbox 1444 1741 1475 1772; x_wconf 92' lang='lat' dir='ltr'>in</span> <span class='ocrx_word' id='word_1_216' title='bbox 1507 1740 1600 1773; x_wconf 87' lang='lat' dir='ltr'>Indiis</span> <span class='ocrx_word' id='word_1_217' title='bbox 1625 1739 1712 1773; x_wconf 84' lang='lat' dir='ltr'>Occi-</span> 
     </span>
     <span class='ocr_line' id='line_1_27' title="bbox 279 1795 582 1835; baseline -0.003 -7"><span class='ocrx_word' id='word_1_218' title='bbox 279 1795 466 1835; x_wconf 76' lang='lat' dir='ltr'>dentalibus,</span> <span class='ocrx_word' id='word_1_219' title='bbox 491 1795 531 1828; x_wconf 71' lang='lat'>47</span> <span class='ocrx_word' id='word_1_220' title='bbox 557 1795 582 1827; x_wconf 83' lang='lat' dir='ltr'>b.</span> 
     </span>
    </p>

    <p class='ocr_par' dir='ltr' id='par_1_15' title="bbox 193 1845 1381 1888">
     <span class='ocr_line' id='line_1_28' title="bbox 193 1845 1381 1888; baseline -0.004 -6"><span class='ocrx_word' id='word_1_221' title='bbox 193 1849 355 1883; x_wconf 86' lang='lat' dir='ltr'>Caelestini</span> <span class='ocrx_word' id='word_1_222' title='bbox 379 1848 531 1888; x_wconf 69' lang='lat' dir='ltr'>hlonaehi,</span> <span class='ocrx_word' id='word_1_223' title='bbox 556 1848 626 1881; x_wconf 76' lang='lat' dir='ltr'>vide</span> <span class='ocrx_word' id='word_1_224' title='bbox 650 1847 871 1880; x_wconf 75' lang='lat' dir='ltr'>Monacliorutn</span> <span class='ocrx_word' id='word_1_225' title='bbox 897 1847 1141 1880; x_wconf 86' lang='lat' dir='ltr'>Caelestinorum</span> <span class='ocrx_word' id='word_1_226' title='bbox 1166 1845 1381 1888; x_wconf 81' lang='lat' dir='ltr'>Congregatio.</span> 
     </span>
    </p>

    <p class='ocr_par' dir='ltr' id='par_1_16' title="bbox 191 1900 1003 1941">
     <span class='ocr_line' id='line_1_29' title="bbox 191 1900 1003 1941; baseline -0.005 -6"><span class='ocrx_word' id='word_1_227' title='bbox 191 1902 450 1941; x_wconf 85' lang='lat' dir='ltr'>Camaldulenses,</span> <span class='ocrx_word' id='word_1_228' title='bbox 474 1902 544 1934; x_wconf 68' lang='lat' dir='ltr'>vide</span> <span class='ocrx_word' id='word_1_229' title='bbox 568 1900 722 1933; x_wconf 85' lang='lat' dir='ltr'>Eremitae</span> <span class='ocrx_word' id='word_1_230' title='bbox 746 1900 1003 1933; x_wconf 85' lang='lat' dir='ltr'>Camaldulenses.</span> 
     </span>
    </p>

    <p class='ocr_par' dir='ltr' id='par_1_17' title="bbox 191 1950 1713 2101">
     <span class='ocr_line' id='line_1_30' title="bbox 191 1950 1713 1996; baseline -0.003 -9"><span class='ocrx_word' id='word_1_231' title='bbox 191 1954 335 1987; x_wconf 74' lang='lat' dir='ltr'>Gamerae</span> <span class='ocrx_word' id='word_1_232' title='bbox 358 1954 553 1996; x_wconf 89' lang='lat' dir='ltr'>Apostolicae</span> <span class='ocrx_word' id='word_1_233' title='bbox 579 1953 790 1986; x_wconf 87' lang='lat' dir='ltr'>emolumenta</span> <span class='ocrx_word' id='word_1_234' title='bbox 807 1953 911 1985; x_wconf 83' lang='lat' dir='ltr'>omnia</span> <span class='ocrx_word' id='word_1_235' title='bbox 928 1952 1060 1994; x_wconf 86' lang='lat' dir='ltr'>collegio</span> <span class='ocrx_word' id='word_1_236' title='bbox 1077 1953 1318 1985; x_wconf 84' lang='lat' dir='ltr'>secretariorum</span> <span class='ocrx_word' id='word_1_237' title='bbox 1337 1950 1581 1995; x_wconf 84' lang='lat' dir='ltr'>apostolicorum</span> <span class='ocrx_word' id='word_1_238' title='bbox 1600 1950 1713 1984; x_wconf 87' lang='lat' dir='ltr'>adscri-</span> 
     </span>
     <span class='ocr_line' id='line_1_31' title="bbox 280 2003 1711 2050; baseline -0.001 -12"><span class='ocrx_word' id='word_1_239' title='bbox 280 2006 350 2050; x_wconf 87' lang='lat' dir='ltr'>psit,</span> <span class='ocrx_word' id='word_1_240' title='bbox 376 2006 417 2039; x_wconf 68' lang='grc'>92</span> <span class='ocrx_word' id='word_1_241' title='bbox 441 2018 461 2040; x_wconf 84' lang='grc' dir='ltr'><em>α</em></span> <span class='ocrx_word' id='word_1_242' title='bbox 487 2011 516 2039; x_wconf 90' lang='lat' dir='ltr'>et</span> <span class='ocrx_word' id='word_1_243' title='bbox 538 2017 620 2049; x_wconf 79' lang='lat' dir='ltr'>seq.,·</span> <span class='ocrx_word' id='word_1_244' title='bbox 647 2006 703 2049; x_wconf 89' lang='lat' dir='ltr'>ipsi</span> <span class='ocrx_word' id='word_1_245' title='bbox 729 2005 934 2038; x_wconf 83' lang='lat' dir='ltr'>restituuntur</span> <span class='ocrx_word' id='word_1_246' title='bbox 964 2005 1056 2048; x_wconf 85' lang='lat' dir='ltr'>plura</span> <span class='ocrx_word' id='word_1_247' title='bbox 1084 2004 1185 2038; x_wconf 84' lang='lat' dir='ltr'>officia</span> <span class='ocrx_word' id='word_1_248' title='bbox 1208 2004 1359 2037; x_wconf 83' lang='lat' dir='ltr'>vacabilia</span> <span class='ocrx_word' id='word_1_249' title='bbox 1382 2004 1470 2048; x_wconf 88' lang='lat' dir='ltr'>prius</span> <span class='ocrx_word' id='word_1_250' title='bbox 1495 2013 1643 2037; x_wconf 84' lang='lat' dir='ltr'>concessa</span> <span class='ocrx_word' id='word_1_251' title='bbox 1667 2003 1711 2036; x_wconf 91' lang='lat' dir='ltr'>vi-</span> 
     </span>
     <span class='ocr_line' id='line_1_32' title="bbox 279 2059 782 2101; baseline -0.002 -9"><span class='ocrx_word' id='word_1_252' title='bbox 279 2059 511 2098; x_wconf 82' lang='lat' dir='ltr'>cecancellario,</span> <span class='ocrx_word' id='word_1_253' title='bbox 536 2059 600 2092; x_wconf 70' lang='lat'>⁶230</span> <span class='ocrx_word' id='word_1_254' title='bbox 624 2070 643 2091; x_wconf 80' lang='lat' dir='ltr'>a</span> <span class='ocrx_word' id='word_1_255' title='bbox 668 2065 697 2091; x_wconf 89' lang='lat' dir='ltr'>et</span> <span class='ocrx_word' id='word_1_256' title='bbox 721 2069 782 2101; x_wconf 78' lang='lat' dir='ltr'>seq.</span> 
     </span>
    </p>

    <p class='ocr_par' dir='ltr' id='par_1_18' title="bbox 191 2110 998 2154">
     <span class='ocr_line' id='line_1_33' title="bbox 191 2110 998 2154; baseline -0.005 -8"><span class='ocrx_word' id='word_1_257' title='bbox 191 2112 358 2146; x_wconf 86' lang='lat' dir='ltr'>Cameralis</span> <span class='ocrx_word' id='word_1_258' title='bbox 382 2111 541 2154; x_wconf 89' lang='lat' dir='ltr'>obligatio,</span> <span class='ocrx_word' id='word_1_259' title='bbox 566 2112 635 2144; x_wconf 72' lang='lat' dir='ltr'>vide</span> <span class='ocrx_word' id='word_1_260' title='bbox 658 2111 777 2144; x_wconf 88' lang='lat' dir='ltr'>Bancus</span> <span class='ocrx_word' id='word_1_261' title='bbox 801 2110 830 2144; x_wconf 90' lang='lat' dir='ltr'>S.</span> <span class='ocrx_word' id='word_1_262' title='bbox 856 2110 998 2153; x_wconf 87' lang='lat' dir='ltr'>Spiritus.</span> 
     </span>
    </p>

    <p class='ocr_par' dir='ltr' id='par_1_19' title="bbox 192 2164 742 2208">
     <span class='ocr_line' id='line_1_34' title="bbox 192 2164 742 2208; baseline -0.005 -9"><span class='ocrx_word' id='word_1_263' title='bbox 192 2165 356 2208; x_wconf 87' lang='lat' dir='ltr'>Campana,</span> <span class='ocrx_word' id='word_1_264' title='bbox 381 2165 450 2198; x_wconf 78' lang='lat' dir='ltr'>vide</span> <span class='ocrx_word' id='word_1_265' title='bbox 475 2164 719 2197; x_wconf 82' lang='lat' dir='ltr'>Praedicatores.</span> <span class='ocrx_word' id='word_1_266' title='bbox 739 2194 742 2203; x_wconf 57' lang='grc'>,</span> 
     </span>
    </p>

    <p class='ocr_par' dir='ltr' id='par_1_20' title="bbox 193 2216 988 2260">
     <span class='ocr_line' id='line_1_35' title="bbox 193 2216 988 2260; baseline -0.003 -10"><span class='ocrx_word' id='word_1_267' title='bbox 193 2217 384 2260; x_wconf 84' lang='lat' dir='ltr'>Campitellis</span> <span class='ocrx_word' id='word_1_268' title='bbox 409 2217 485 2260; x_wconf 78' lang='lat' dir='ltr'>(de),</span> <span class='ocrx_word' id='word_1_269' title='bbox 508 2217 579 2249; x_wconf 73' lang='lat' dir='ltr'>ride</span> <span class='ocrx_word' id='word_1_270' title='bbox 603 2217 632 2250; x_wconf 86' lang='lat' dir='ltr'>S.</span> <span class='ocrx_word' id='word_1_271' title='bbox 659 2216 772 2249; x_wconf 88' lang='lat' dir='ltr'>Mariae</span> <span class='ocrx_word' id='word_1_272' title='bbox 798 2216 827 2248; x_wconf 93' lang='lat' dir='ltr'>in</span> <span class='ocrx_word' id='word_1_273' title='bbox 853 2216 988 2249; x_wconf 84' lang='lat' dir='ltr'>Porticu.</span> 
     </span>
    </p>

    <p class='ocr_par' dir='ltr' id='par_1_21' title="bbox 193 2268 984 2308">
     <span class='ocr_line' id='line_1_36' title="bbox 193 2268 984 2308; baseline -0.003 -6"><span class='ocrx_word' id='word_1_274' title='bbox 193 2269 447 2303; x_wconf 86' lang='lat' dir='ltr'>Candelariorum</span> <span class='ocrx_word' id='word_1_275' title='bbox 472 2270 667 2308; x_wconf 78' lang='lat' dir='ltr'>universitas,</span> <span class='ocrx_word' id='word_1_276' title='bbox 693 2269 761 2302; x_wconf 70' lang='lat' dir='ltr'>vide</span> <span class='ocrx_word' id='word_1_277' title='bbox 786 2268 984 2301; x_wconf 82' lang='lat' dir='ltr'>Universitas.</span> 
     </span>
    </p>

    <p class='ocr_par' dir='ltr' id='par_1_22' title="bbox 192 2321 1417 2364">
     <span class='ocr_line' id='line_1_37' title="bbox 192 2321 1417 2364; baseline -0.001 -9"><span class='ocrx_word' id='word_1_278' title='bbox 192 2322 337 2356; x_wconf 84' lang='lat' dir='ltr'>canonici</span> <span class='ocrx_word' id='word_1_279' title='bbox 361 2322 570 2362; x_wconf 87' lang='lat' dir='ltr'>basilicarum,</span> <span class='ocrx_word' id='word_1_280' title='bbox 590 2322 659 2354; x_wconf 70' lang='lat' dir='ltr'>victe</span> <span class='ocrx_word' id='word_1_281' title='bbox 683 2321 829 2361; x_wconf 84' lang='lat' dir='ltr'>Basilioa;</span> <span class='ocrx_word' id='word_1_282' title='bbox 853 2322 928 2354; x_wconf 80' lang='lat' dir='ltr'>item</span> <span class='ocrx_word' id='word_1_283' title='bbox 953 2321 1019 2353; x_wconf 73' lang='lat' dir='ltr'>ride</span> <span class='ocrx_word' id='word_1_284' title='bbox 1042 2321 1181 2364; x_wconf 85' lang='lat' dir='ltr'>Capitula</span> <span class='ocrx_word' id='word_1_285' title='bbox 1205 2321 1417 2354; x_wconf 85' lang='lat' dir='ltr'>ecclesiarum.</span> 
     </span>
    </p>

    <p class='ocr_par' dir='ltr' id='par_1_23' title="bbox 191 2373 1712 2576">
     <span class='ocr_line' id='line_1_38' title="bbox 191 2373 1712 2418; baseline 0 -10"><span class='ocrx_word' id='word_1_286' title='bbox 191 2374 335 2408; x_wconf 85' lang='lat' dir='ltr'>canonici</span> <span class='ocrx_word' id='word_1_287' title='bbox 359 2375 520 2417; x_wconf 84' lang='lat' dir='ltr'>regulares</span> <span class='ocrx_word' id='word_1_288' title='bbox 543 2373 799 2416; x_wconf 88' lang='lat' dir='ltr'>Congregationis</span> <span class='ocrx_word' id='word_1_289' title='bbox 823 2374 852 2407; x_wconf 91' lang='lat' dir='ltr'>S.</span> <span class='ocrx_word' id='word_1_290' title='bbox 870 2374 993 2406; x_wconf 85' lang='lat' dir='ltr'>Ioannis</span> <span class='ocrx_word' id='word_1_291' title='bbox 1017 2374 1231 2416; x_wconf 75' lang='lat' dir='ltr'>Evangelistae</span> <span class='ocrx_word' id='word_1_292' title='bbox 1248 2374 1278 2406; x_wconf 91' lang='lat' dir='ltr'>in</span> <span class='ocrx_word' id='word_1_293' title='bbox 1302 2374 1467 2413; x_wconf 88' lang='lat' dir='ltr'>Lusitania,</span> <span class='ocrx_word' id='word_1_294' title='bbox 1489 2374 1553 2406; x_wconf 72' lang='lat'>144</span> <span class='ocrx_word' id='word_1_295' title='bbox 1571 2385 1608 2414; x_wconf 84' lang='lat' dir='ltr'>a;</span> <span class='ocrx_word' id='word_1_296' title='bbox 1634 2375 1712 2418; x_wconf 89' lang='lat' dir='ltr'>ipso-</span> 
     </span>
     <span class='ocr_line' id='line_1_39' title="bbox 278 2426 1710 2470; baseline -0.001 -10"><span class='ocrx_word' id='word_1_297' title='bbox 278 2438 348 2460; x_wconf 89' lang='lat' dir='ltr'>rum</span> <span class='ocrx_word' id='word_1_298' title='bbox 369 2427 591 2466; x_wconf 89' lang='lat' dir='ltr'>decretum,de</span> <span class='ocrx_word' id='word_1_299' title='bbox 615 2432 686 2459; x_wconf 87' lang='lat' dir='ltr'>voto</span> <span class='ocrx_word' id='word_1_300' title='bbox 711 2427 742 2458; x_wconf 94' lang='lat' dir='ltr'>in</span> <span class='ocrx_word' id='word_1_301' title='bbox 766 2426 909 2469; x_wconf 88' lang='lat' dir='ltr'>capitulis</span> <span class='ocrx_word' id='word_1_302' title='bbox 929 2426 1126 2468; x_wconf 86' lang='lat' dir='ltr'>generalibus</span> <span class='ocrx_word' id='word_1_303' title='bbox 1146 2426 1262 2459; x_wconf 83' lang='lat' dir='ltr'>nemini</span> <span class='ocrx_word' id='word_1_304' title='bbox 1281 2426 1481 2459; x_wconf 87' lang='lat' dir='ltr'>concedendo</span> <span class='ocrx_word' id='word_1_305' title='bbox 1505 2427 1563 2459; x_wconf 88' lang='lat' dir='ltr'>nisi</span> <span class='ocrx_word' id='word_1_306' title='bbox 1588 2427 1710 2470; x_wconf 86' lang='lat' dir='ltr'>expleto</span> 
     </span>
     <span class='ocr_line' id='line_1_40' title="bbox 279 2479 1709 2523; baseline -0.001 -10"><span class='ocrx_word' id='word_1_307' title='bbox 279 2479 429 2513; x_wconf 87' lang='lat' dir='ltr'>decennio</span> <span class='ocrx_word' id='word_1_308' title='bbox 456 2480 493 2511; x_wconf 90' lang='lat' dir='ltr'>ab</span> <span class='ocrx_word' id='word_1_309' title='bbox 521 2480 633 2512; x_wconf 78' lang='lat' dir='ltr'>emissa</span> <span class='ocrx_word' id='word_1_310' title='bbox 658 2479 861 2522; x_wconf 85' lang='lat' dir='ltr'>professione,</span> <span class='ocrx_word' id='word_1_311' title='bbox 887 2479 1105 2519; x_wconf 75' lang='lat' dir='ltr'>confirmatur,</span> <span class='ocrx_word' id='word_1_312' title='bbox 1139 2479 1233 2518; x_wconf 53' lang='lat' dir='ltr'>ibid,</span> <span class='ocrx_word' id='word_1_313' title='bbox 1258 2479 1415 2512; x_wconf 88' lang='lat' dir='ltr'>canonicis</span> <span class='ocrx_word' id='word_1_314' title='bbox 1440 2479 1556 2512; x_wconf 88' lang='lat' dir='ltr'>eisdem</span> <span class='ocrx_word' id='word_1_315' title='bbox 1583 2481 1709 2523; x_wconf 87' lang='lat' dir='ltr'>privile-</span> 
     </span>
     <span class='ocr_line' id='line_1_41' title="bbox 279 2531 1709 2576; baseline 0.001 -12"><span class='ocrx_word' id='word_1_316' title='bbox 279 2533 365 2575; x_wconf 89' lang='lat' dir='ltr'>gium</span> <span class='ocrx_word' id='word_1_317' title='bbox 390 2532 584 2565; x_wconf 87' lang='lat' dir='ltr'>centenariae</span> <span class='ocrx_word' id='word_1_318' title='bbox 601 2531 866 2576; x_wconf 88' lang='lat' dir='ltr'>praescriptionis,</span> <span class='ocrx_word' id='word_1_319' title='bbox 883 2531 921 2564; x_wconf 86' lang='lat' dir='ltr'>ad</span> <span class='ocrx_word' id='word_1_320' title='bbox 945 2532 1042 2565; x_wconf 81' lang='lat' dir='ltr'>instar</span> <span class='ocrx_word' id='word_1_321' title='bbox 1059 2532 1284 2565; x_wconf 86' lang='lat' dir='ltr'>monachorum</span> <span class='ocrx_word' id='word_1_322' title='bbox 1302 2532 1540 2573; x_wconf 81' lang='lat' dir='ltr'>Cassinensium,</span> <span class='ocrx_word' id='word_1_323' title='bbox 1564 2532 1709 2566; x_wconf 86' lang='lat' dir='ltr'>concedi-</span> 
     </span>
    </p>
   </div>
   <div class='ocr_carea' id='block_1_5' title="bbox 278 2584 476 2626">
    <p class='ocr_par' dir='ltr' id='par_1_24' title="bbox 278 2584 476 2626">
     <span class='ocr_line' id='line_1_42' title="bbox 278 2584 476 2626; baseline 0 -8"><span class='ocrx_word' id='word_1_324' title='bbox 278 2590 339 2626; x_wconf 88' lang='lat' dir='ltr'>tur,</span> <span class='ocrx_word' id='word_1_325' title='bbox 364 2584 426 2618; x_wconf 64' lang='lat'>207</span> <span class='ocrx_word' id='word_1_326' title='bbox 451 2584 476 2618; x_wconf 78' lang='lat' dir='ltr'>b.</span> 
     </span>
    </p>
   </div>
  </div>
 </body>
</html>
