2111 3157
408 169 471 204 992
956 179 1135 203 BULLARIUM
1161 179 1312 203 Romanum

362 234 498 267 Thomas
523 231 751 272 Odescalchus,
784 231 957 263 lnnocentii
981 230 1022 263 XI
1047 230 1176 263 intimus
1202 231 1426 272 cubicularius,
1452 231 1516 265 670
1541 233 1568 273 b,
1596 238 1627 266 et
1650 240 1791 267 secretus
1815 236 1901 269 elec*

452 287 666 331 mosynarius,
692 285 756 317 672
780 286 814 324 b;
840 294 876 316 ex
900 283 1043 327 pecuniis
1068 283 1242 316 Innocentii
1267 284 1322 324 XI,
1347 284 1422 317 dum
1449 285 1660 319 cardinalatus
1684 287 1807 320 honore
1830 288 1903 321 sun-

450 342 593 384 gebatur‚
619 339 694 372 emit
717 338 847 371 domum
873 337 1053 379 regularem
1079 346 1232 368 annexam
1258 338 1409 370 ecclesiae
1437 338 1466 371 S.
1496 339 1612 372 Mariae
1643 339 1682 372 de
1711 340 1904 384 Campitellis

449 395 487 427 ad
511 394 598 438 pium
623 402 702 436 opus
727 389 902 434 excipiendi
926 399 1085 433 pauperes
1109 390 1270 422 mendicos
1294 389 1332 422 de
1358 390 1451 430 Urbe,
1474 390 1533 423 6711
1563 402 1592 423 a.

359 448 546 482 't‘tmrribius
572 447 634 489 (S.)
660 446 829 477 Beatorum
855 443 1000 485 catalogo
1025 443 1227 483 adscribitur,
1248 443 1313 477 ’100
1330 444 1347 475 b
1365 449 1395 476 et
1418 455 1496 487 seq.;
1521 444 1620 487 ipsius
1645 445 1757 478 festum
1786 445 1818 478 in
1837 447 1905 490 qui-

447 500 581 533 busdam
606 499 684 532 Iocis
709 497 865 531 celebrari
890 495 1096 539 permittitur,
1120 497 1198 529 ibid.

358 554 534 588 Translatio
559 552 760 595 pensionum,
784 551 853 583 vide
877 549 1057 582 Pensiones.

358 607 556 640 Tribunales.
586 606 646 637 Pro
667 603 873 637 tribunalium
892 601 1116 635 reformatione
1134 601 1260 634 decreta
1277 602 1429 645 quaedam
1446 603 1706 646 Congregationis
1721 604 1904 637 huiusmodi

446 660 574 703 negotio
598 659 765 702 deputatae
789 662 877 690 motu
898 656 1031 700 proprio
1060 656 1229 689 confirmat
1260 661 1290 688 ct
1320 656 1458 689 extendit
1482 656 1633 697 Pontifex,
1658 656 1722 690 932
1747 657 1763 690 h
1788 663 1818 690 et
1841 669 1902 701 seq.

359 714 532 747 Turcarum
566 718 718 756 tyrannus
742 709 921 749 Varadino,
946 709 1093 741 Neuselio
1128 712 1158 741 et
1182 709 1379 741 Cameniccio
1407 709 1626 742 munitissimis
1661 711 1841 754 Hungariae
1872 717 1903 744 et

448 765 596 798 Podoliae
613 763 738 797 arcibus
757 761 954 806 expugnatis,
981 766 1011 794 et
1036 761 1146 795 Cretae
1171 771 1270 804 regno
1295 761 1443 802 subacto,
1468 762 1663 804 IIungariam
1689 767 1719 795 et
1742 763 1901 796 Austriam

448 819 579 857 invasit,
604 824 634 851 et
659 817 810 850 Viennam
835 815 1012 848 arctissima
1037 815 1202 848 obsidione
1224 825 1394 857 aggressus
1419 820 1477 854 est,
1505 814 1569 847 508
1595 815 1623 847 b.

1113 930 1139 962 U

361 1030 550 1064 Universitas
575 1028 835 1061 Candelariorum
859 1027 898 1059 de
922 1027 1016 1068 Urbe,
1042 1026 1106 1059 670
1129 1038 1150 1059 α
1173 1032 1204 1058 et
1229 1027 1255 1059 b.

358 1084 550 1118 Universitas
575 1083 815 1116 exonerantium
835 1082 921 1124 ligna
946 1082 984 1114 ad
1004 1082 1161 1124 Ripettam
1187 1081 1225 1113 de
1249 1080 1344 1122 Urbe,
1369 1080 1440 1113 vide
1464 1079 1624 1123 Ilospitale
1648 1080 1677 1113 S.
1703 1079 1813 1112 Rochi.

356 1137 580 1170 Univcrsitates
606 1135 752 1179 publicae
777 1135 872 1167 studii
897 1133 1065 1177 generalis.
1090 1133 1125 1166 ln
1157 1133 1394 1166 universitatem
1419 1132 1579 1175 publicam
1616 1132 1710 1165 studii
1745 1133 1902 1175 generalis

446 1189 607 1222 academia
620 1189 648 1222 S.
663 1188 801 1221 Thomae
819 1187 944 1221 Ordinis
960 1186 1216 1219 Praedicatorum
1235 1186 1370 1218 civitatis
1383 1185 1516 1218 Monilac
1533 1185 1565 1216 in
1583 1185 1693 1217 insulis
1711 1185 1902 1229 Philippinis

446 1247 550 1275 erecta
575 1246 629 1282 est,
655 1241 718 1274 397
745 1242 761 1273 h
786 1246 816 1273 et
831 1251 910 1284 scq.;
935 1240 1149 1273 universitatis
1174 1239 1283 1282 oppidi
1308 1238 1452 1271 Zamoski
1476 1238 1670 1271 Cheimensis
1693 1238 1847 1271 dioecesis
1869 1239 1903 1271 in

445 1305 544 1338 regno
572 1295 721 1327 Poloniae
747 1295 865 1327 erectio
890 1299 920 1326 et
944 1294 1124 1337 privilegia,
1154 1293 1394 1333 confirmantur,
1420 1291 1485 1325 525
1509 1304 1528 1325 α
1555 1297 1584 1324 et
1608 1303 1688 1336 seq,
1714 1293 1902 1326 universita-

446 1348 528 1381 tibus
553 1348 687 1380 civitatis
712 1348 742 1380 S.
764 1347 851 1379 Fidei
872 1347 903 1379 in
923 1357 1023 1389 regno
1043 1346 1228 1379 Granatensi
1255 1351 1285 1378 ct
1308 1346 1341 1378 B.
1360 1345 1550 1378 Ferdinandi
1575 1345 1710 1378 civitatis
1734 1345 1902 1386 Quitensis,

444 1401 570 1435 Ordinis
587 1401 857 1440 Praedicatorum,
874 1400 906 1432 in
923 1399 1019 1432 Indiis
1037 1399 1301 1440 Occidentalibus,
1319 1399 1484 1442 privilegia
1501 1398 1787 1439 communicantur,
1805 1397 1867 1431 627
1883 1399 1900 1430 b

444 1460 474 1487 et
498 1465 568 1498 3qu
594 1453 807 1486 universitatis
828 1452 923 1485 studii
948 1453 1106 1495 generalis
1130 1453 1161 1484 in
1187 1452 1313 1485 civitate
1337 1452 1514 1484 Guatimaia
1538 1451 1569 1483 in
1594 1451 1690 1484 Indiis
1713 1450 1899 1484 Occidenta-

446 1507 526 1539 libus
551 1507 669 1540 erectio
695 1506 904 1540 confirmatur
929 1516 1001 1539 cum
1026 1505 1212 1549 privilegiis,
1239 1504 1303 1538 770
1329 1516 1349 1537 a
1374 1508 1404 1538 ct
1428 1505 1454 1536 b.

1119 1622 1142 1653 ν

354 1721 555 1759 Verissimus,
581 1720 843 1763 archiepiscopus
869 1719 1080 1760 Bracarensis,
1107 1719 1276 1762 inquisitor
1307 1719 1463 1761 generalis
1494 1719 1525 1750 in
1556 1717 1769 1760 Portugalliae
1798 1726 1898 1759 regno

442 1774 480 1807 ab
502 1773 684 1805 Innocentio
705 1773 743 1805 XI
769 1773 969 1812 constitutus,
990 1772 1031 1804 022
1053 1783 1089 1811 a,
1110 1772 1150 1804 ob
1168 1771 1415 1804 inobedientiam
1434 1770 1614 1814 praeceptis
1631 1770 1793 1804 Pontificis
1810 1771 1898 1802 coer-

443 1833 541 1867 cetur,
568 1826 631 1858 '175
656 1837 674 1858 a
701 1831 730 1858 et
755 1837 815 1869 seq.
842 1825 957 1857 iterum
980 1825 1026 1856 illi
1051 1825 1223 1857 auctoritas
1248 1825 1436 1865 restituitur,
1461 1824 1525 1857 402
1550 1824 1565 1856 b
1591 1829 1621 1856 et
1643 1835 1704 1867 seq.

356 1880 616 1914 Vicecanceliario
642 1879 804 1912 concessio
828 1878 1041 1921 quorumdam
1066 1878 1243 1910 officiorum
1277 1878 1464 1910 vacabilium
1499 1878 1538 1910 ad
1567 1877 1732 1911 Cameram
1764 1877 1899 1920 Aposto-

443 1934 533 1966 licam
560 1932 785 1976 pertinentium
812 1932 891 1965 sacta
915 1937 1092 1973 revocatur,
1117 1930 1182 1964 ⁶2:30
1207 1931 1223 1963 b
1248 1936 1278 1963 et
1301 1942 1361 1975 seq.
