2111 3157
1 220 50 248 Αῑι.
72 218 100 246 c.
119 220 185 247 ts80

29 1949 96 1970 cunr
112 1949 137 1970 V.
163 1971 167 1974 ,

26 1976 54 1996 De
77 1976 174 2002 expensis

0 2000 91 2022 'aciendis
102 2003 121 2023 in
131 2008 174 2023 mu·

0 2028 106 2048 latronibus
130 2034 174 2049 mo·

0 2054 113 2076 anchorum.

769 220 982 246 INNOCENJIUS
1003 221 1032 244 XI
1057 219 1106 244 PP-

191 268 307 301 beant:
334 280 399 312 quo
425 277 571 313 tempore
596 270 646 303 rel
666 269 845 302 firmabitur
874 269 921 301 vel
965 267 1105 300 nasterio
1130 270 1215 299 esset
1239 266 1360 300 carceri
1384 263 1629 308 mancipandus,
1660 263 1693 295 in

190 322 391 354 revocabitur
414 322 560 355 mutatio.

234 384 277 406 lv.
296 374 355 406 Ubi
369 380 476 408 autem
493 374 665 408 necessitas
683 379 736 407 aut
752 373 921 406 manifesta

189 425 309 458 utilitas
335 427 528 469 requireret,
546 427 670 470 possint
689 425 824 469 praelati
841 425 921 457 invi-

190 488 261 510 cem
286 479 502 511 transmittere
533 479 730 518 monachos,
760 488 796 510 ac
825 477 919 509 etiam

189 530 343 569 stabilire,
361 531 536 563 dummodo
554 530 767 563 commoditer
785 528 850 569 siat,
865 529 920 562 ad-

189 580 297 614 iuncta
313 587 419 615 tamen
436 581 649 625 praesidentis
667 581 795 614 licentia
812 581 860 613 vel
875 580 920 613 vi-

188 633 367 666 sitatorum.

232 696 261 718 v.
288 687 328 718 At
352 686 379 718 si
402 687 473 729 quis
496 686 676 719 monachus
700 685 782 718 intra
799 695 917 717 annum

187 747 225 769 ex
249 738 419 770 manifesta
442 740 536 771 cansa
559 738 692 780 periculi
717 738 842 770 animae
868 738 917 770 vel

186 791 333 833 eorporis
356 791 471 823 mutari
495 791 632 834 petierit,
649 791 791 823 visitator
815 790 916 833 ipsius

186 843 383 883 monasterii,
402 843 513 876 habita
537 843 764 876 informatione
792 854 809 875 a
828 853 917 886 prae-

185 894 251 927 lato
265 894 365 937 ipsius
382 895 534 928 monaehi
553 896 607 938 (et,
623 895 648 928 si
666 895 829 929 commode
847 894 915 927 sieri

185 947 318 989 poterit,
345 947 441 980 etiam
467 948 629 980 seniorum
652 953 684 980 et
710 948 835 987 medici,
862 947 914 978 ubi

186 1000 226 1033 de
244 1000 391 1043 corporis
411 1000 556 1042 periculo
575 1000 711 1043 agitur),
729 1000 754 1033 si
772 1000 914 1043 exposita

185 1062 263 1085 vera
286 1062 357 1085 esse
381 1053 549 1096 repererit,
567 1058 598 1086 et
615 1053 831 1086 necessarium
846 1063 914 1085 esse

185 1104 372 1138 iudicaverit
388 1132 395 1145 ,
425 1105 576 1138 monachi
601 1105 749 1149 petitioni
777 1110 914 1145 annuat,

184 1156 297 1200 illique
322 1158 489 1200 provideat
509 1158 547 1191 de
566 1157 763 1194 monasterio
787 1158 914 1197 idoneo,

186 1210 277 1242 euius
302 1210 421 1242 iudicio
446 1210 577 1243 omnino
601 1210 779 1253 parendum
799 1210 869 1242 erit.

229 1271 273 1294 vl.
299 1261 330 1294 Si
355 1267 461 1295 autern
493 1262 677 1304 praedictae
711 1272 826 1294 causae
851 1272 914 1294 non

186 1313 329 1354 aderint,
354 1324 395 1346 ne
431 1314 559 1347 occasio
584 1315 679 1348 detur
708 1319 821 1357 sponte
857 1324 913 1346 va<-

185 1366 282 1408 gandi
307 1366 462 1409 (maxime
488 1366 513 1400 si
539 1367 742 1410 importune,
767 1371 821 1399 aut
844 1377 914 1399 cum

185 1418 339 1451 scandalo
364 1419 497 1452 aliorum
514 1419 760 1459 monachorum,
779 1429 836 1451 seu
853 1429 917 1451 mo-

185 1471 399 1503 nasteriorum
423 1471 601 1514 impendio,
617 1471 748 1504 licentia
770 1472 916 1514 requira-

186 1527 254 1564 tur,
281 1522 355 1566 quia
380 1528 455 1555 tunc
479 1523 665 1557 huiusmodi
689 1524 836 1563 mutatio,
852 1529 916 1556 tam

185 1574 263 1618 ipsis
286 1575 455 1608 monachis
474 1586 569 1619 quam
586 1576 803 1616 monasteriis,
822 1586 916 1619 expe-

184 1627 302 1660 rientia
324 1627 486 1670 magistra,
513 1633 547 1659 ut
571 1628 747 1671 plurimum
772 1629 917 1661 noscitur

185 1689 256 1713 esse
281 1680 468 1723 damnosa),
491 1680 519 1713 ei
541 1681 672 1713 lieentia
689 1681 821 1714 minime
842 1691 917 1714 eon-

185 1732 335 1773 cedatur·,
357 1733 443 1776 quod
460 1732 485 1765 si
507 1738 620 1775 petere
645 1734 831 1775 petulanter
845 1744 917 1776 per-

183 1784 400 1825 severaverit,
432 1790 464 1818 et
488 1786 544 1818 sua
574 1785 815 1827 importunitate
846 1794 917 1817 eam

182 1842 375 1880 extorquere
388 1842 531 1879 conetur,
550 1847 614 1870 non
629 1837 657 1869 ei
676 1843 844 1875 annuatur,
861 1837 916 1871 sed

182 1890 322 1932 graviter
340 1890 502 1933 puniatur.

227 1952 250 1975 1.
277 1941 366 1975 Circa
389 1941 581 1974 mutationes
605 1942 837 1975 monachorum
863 1942 918 1975 de-

185 1995 345 2028 claramus
362 1995 448 2037 qnod
472 1995 677 2035 monasteria,
698 2006 715 2028 a
733 1995 847 2039 quibus
868 2005 916 2028 re-

183 2048 304 2082 cedunt
328 2048 450 2088 mutati,
469 2049 507 2081 ad
528 2058 640 2081 omnes
658 2048 761 2081 teneri
778 2049 918 2081 debeant

185 2111 354 2145 expensas,
385 2105 421 2133 ut
444 2111 540 2144 supra
557 2101 675 2133 dictum
693 2101 789 2134 estin
814 2101 918 2134 decla—

183 2153 306 2187 ratorio
330 2154 463 2196 regulae
489 2163 559 2196 cap.
586 2163 636 2187 Lx.

228 2216 264 2240 11.
291 2205 323 2239 Si
357 2216 433 2239 vero
469 2205 584 2249 aliquis
620 2212 753 2249 propter
789 2216 915 2249 gravem

183 2258 403 2292 infirmitatem
435 2258 616 2291 mitteretur
649 2259 686 2291 de
718 2258 916 2293 monasterio

185 2311 227 2344 ad
250 2310 495 2350 monasterium,
518 2312 569 2343 vel
603 2309 629 2343 si
648 2311 829 2353 contigeret
861 2310 919 2343 ali—

185 2374 283 2407 quem
307 2363 502 2397 monachum
528 2364 609 2396 adeo
627 2374 698 2396 esse
714 2363 918 2405 incorrigibi-

185 2415 249 2448 Pem
274 2416 385 2459 (quod
408 2415 491 2448 Deus
516 2416 656 2457 avertat)
674 2420 708 2447 ut
727 2416 759 2447 in
785 2415 917 2458 proprio

187 2468 383 2501 monasterio
407 2473 541 2511 propter
565 2468 751 2500 scandalum
771 2473 824 2500 aut
839 2468 919 2510 legi-

187 2519 297 2553 timam
309 2531 439 2554 causam
455 2521 488 2553 in
506 2521 601 2554 domo
616 2520 778 2553 custodiae
792 2521 918 2553 detrudi

965 320 1015 352 his
1040 320 1167 352 casibus
1191 318 1422 352 monasterium
1447 327 1483 350 ex
1508 327 1571 359 quo
1597 315 1694 348 mitti-

964 377 1030 412 tur,
1062 372 1147 404 ultra
1170 381 1329 414 expensas
1353 369 1479 403 itineris
1494 395 1501 409 ‚
1525 368 1694 412 provideat

962 424 1167 463 monasterio,
1196 424 1236 456 ad
1261 423 1347 466 quod
1373 428 1420 456 est
1443 421 1570 461 missus,
1596 419 1693 453 etiam

962 475 1001 508 de
1026 475 1097 508 aliis
1120 476 1168 508 illi
1192 476 1353 508 monacho
1377 473 1580 508 necessariis.

1005 538 1027 561 1.
1054 528 1098 561 Ne
1116 528 1266 561 facilitate
1282 528 1433 570 qualibet,
1447 527 1503 560 sed
1520 530 1643 559 mature
1661 529 1693 558 et

1590 205 1651 240 381
1701 216 1749 242 An.
1771 214 1799 242 c.
1818 214 1885 241 ¹080

1735 540 1804 561 Cum·
1818 539 1852 561 Vl.

1728 567 1758 587 De
1781 569 1884 586 monasio-

961 581 1190 623 cireumspecte
1207 581 1240 613 in
1260 580 1464 623 acceptandis
1487 577 1691 612 monasteriis
1702 594 1738 613 rus
1753 593 1834 621 noviter
1849 598 1884 614 ao-

960 633 1164 674 procedatur,
1179 633 1354 675 capitulum
1368 632 1519 674 generale
1534 630 1588 673 (ad
1602 629 1690 673 quod
1702 618 1820 645 mmmm

960 685 1063 717 solum
1099 684 1284 717 huiusmodi
1319 683 1554 727 acceptationes
1582 682 1686 725 perti-

959 747 1037 769 nere
1073 735 1306 779 decernimus),
1332 747 1402 768 eum
1428 736 1467 769 de
1492 735 1688 778 acceptando

958 789 1156 822 monasterio
1181 790 1289 832 aliquo
1314 793 1486 828 tractatur,
1511 788 1616 831 primo
1640 787 1689 819 in-

958 842 1071 885 spiciat
1104 852 1143 875 an
1191 841 1388 875 monasteria
1426 839 1689 883 Congregationis

958 895 1125 928 abundent
1146 893 1301 938 patribus,
1320 893 1374 936 qui
1399 892 1545 936 deputari
1562 891 1692 934 possint

958 947 1179 981 reformationi
1212 946 1402 980 monasterii
1436 945 1564 978 noviter
1592 954 1686 977 acce-

958 1000 1082 1042 ptandi.
1109 999 1166 1037 Qui
1182 999 1207 1032 si
1224 1003 1412 1041 suppetunt,
1433 997 1602 1029 mittantur
1626 995 1689 1028 duo

958 1062 1071 1094 graves
1095 1057 1128 1084 et
1152 1051 1276 1095 experti
1311 1056 1419 1094 patres
1451 1049 1490 1082 ad
1515 1048 1690 1081 videndum

958 1105 1135 1147 praefatum
1153 1103 1394 1143 monasterium,
1410 1107 1442 1135 et
1458 1100 1690 1144 inquirendum

958 1157 985 1189 si
1009 1156 1108 1190 habet
1137 1156 1339 1189 conditiones
1375 1165 1457 1198 quae
1481 1153 1690 1197 requiruntur

958 1208 998 1241 ad
1021 1209 1202 1251 regularem
1232 1208 1486 1247 observantiam,
1518 1205 1689 1246 videlicet,

959 1261 1043 1303 quod
1069 1261 1109 1294 sit
1133 1261 1165 1293 in
1189 1261 1276 1293 hono
1301 1262 1374 1293 aere
1391 1265 1423 1293 et
1447 1259 1508 1292 situ
1533 1259 1688 1302 spatioso,

959 1313 1102 1346 solitario
1138 1318 1168 1345 et
1203 1322 1269 1345 non
1304 1312 1522 1351 tumultuoso;
1550 1315 1582 1344 et
1605 1311 1632 1343 si
1657 1310 1690 1342 in

959 1365 1095 1404 civitate,
1119 1366 1167 1398 vel
1193 1370 1281 1397 extra
1306 1364 1480 1404 civitatem,
1499 1374 1601 1406 prope
1618 1363 1690 1395 mil-

959 1417 1045 1457 liare,
1064 1418 1113 1450 vel
1138 1417 1238 1450 circa:
1264 1417 1288 1449 si
1314 1427 1379 1449 non
1404 1416 1602 1460 inquietetur
1624 1416 1691 1449 bel-

958 1471 1062 1503 lorum
1095 1469 1305 1510 tumultibus,
1331 1480 1391 1502 nee
1424 1474 1600 1512 graventur
1623 1479 1691 1501 mo-

959 1522 1054 1555 naehi
1076 1532 1111 1555 ex
1134 1522 1258 1554 itineris
1275 1521 1490 1564 longitudine,
1508 1527 1539 1554 et
1555 1522 1587 1554 in
1605 1522 1690 1561 loco,

959 1574 1012 1606 ubi
1030 1585 1095 1607 non
1108 1574 1232 1618 possint
1250 1574 1319 1606 fieri
1344 1579 1447 1606 turres
1463 1579 1494 1606 et
1506 1584 1690 1617 propugna-

959 1628 1041 1667 cula;
1054 1626 1078 1659 si
1094 1627 1135 1659 sit
1148 1627 1218 1659 sine
1233 1628 1307 1659 eura
1320 1626 1506 1666 animarum,
1522 1631 1554 1658 et
1570 1626 1692 1659 habeat

959 1679 1101 1711 officinas
1125 1679 1220 1711 utiles
1246 1683 1278 1711 et
1303 1678 1499 1711 necessarias
1530 1678 1569 1711 ad
1596 1688 1692 1720 regu-

960 1732 1059 1764 larem
1091 1731 1351 1771 observantiam,
1381 1730 1431 1763 vel
1455 1729 1493 1763 ad
1523 1741 1574 1763 eas
1598 1731 1690 1764 facile

960 1783 1068 1816 reduci
1099 1784 1219 1826 possit;
1245 1783 1271 1815 si
1296 1783 1414 1816 habeat
1437 1781 1535 1817 libros
1557 1788 1589 1816 et
1605 1794 1691 1826 para-

960 1841 1067 1867 menta
1081 1841 1112 1868 et
1125 1835 1249 1876 calices
1271 1841 1303 1868 et
1318 1840 1427 1868 cetera
1446 1836 1631 1869 necessaria
1651 1836 1692 1868 ad

960 1887 1102 1921 divinum
1127 1888 1264 1927 cultum3
1283 1887 1309 1920 si
1331 1887 1450 1921 habeat
1465 1887 1690 1931 possessiones

959 1940 1023 1973 sive
1049 1939 1195 1972 redditus
1229 1939 1438 1982 pecuniarum
1469 1940 1502 1972 in
1526 1941 1598 1973 loco
1623 1945 1691 1974 tuto

960 1999 991 2026 et
1007 1992 1152 2037 pacifico,
1170 2000 1252 2036 quae
1273 1991 1433 2025 sufficiant
1449 2002 1508 2036 pro
1525 1994 1691 2026 sexdecim

959 2047 1070 2079 saltem
1095 2044 1253 2088 personis,
1271 2040 1388 2077 etaliis
1412 2046 1598 2079 monasterii
1615 2056 1692 2079 one-

959 2099 1048 2131 ribus
1061 2098 1247 2141 portandis;
1265 2096 1350 2140 quod
1364 2108 1430 2130 non
1444 2097 1484 2130 sit
1497 2100 1570 2131 aere
1585 2097 1694 2131 alieno'

960 2155 1144 2195 gravatum,
1177 2156 1209 2182 et
1231 2150 1256 2182 si
1282 2160 1363 2192 quae
1390 2156 1464 2182 sunt
1488 2150 1689 2184 huiusmodi.

959 2203 1043 2242 Quae
1061 2204 1169 2236 omnia
1186 2203 1359 2245 diligenter
1379 2203 1534 2246 inspecta,
1553 2203 1692 2237 fideliter

959 2256 1104 2289 referant
1127 2256 1268 2298 capitulo
1293 2255 1359 2287 sive
1378 2255 1540 2297 regimini,
1558 2259 1611 2289 aut
1635 2256 1678 2289 ali

960 2314 1016 2349 ter,
1034 2313 1130 2351 prout
1146 2308 1322 2350 capitulum
1336 2308 1527 2341 decreverit.
1546 2307 1635 2346 Quod
1652 2307 1691 2350 si,
1709 2341 1714 2343 ,

959 2361 1106 2394 omnibus
1124 2360 1316 2403 supradictis
1333 2360 1575 2394 conditionibus
1593 2361 1692 2404 (quas

960 2424 1018 2457 pro
1032 2413 1147 2446 maiori
1165 2418 1254 2456 parte
1269 2413 1447 2456 praefatum
1460 2414 1692 2448 monasterium

961 2467 1082 2500 hahere
1096 2467 1255 2509 volumus)
1269 2465 1488 2508 consideratis,
1502 2477 1538 2499 ac
1555 2467 1652 2500 etiam
1666 2467 1692 2500 si

960 2519 1194 2552 monasterium
1216 2519 1257 2551 sit
1281 2519 1315 2552 in
1331 2519 1459 2553 civitate
1479 2519 1619 2563 pacifica,
1637 2519 1692 2552 ubi

188 2582 245 2605 seu
268 2574 376 2615 puniri
401 2583 467 2607 non
491 2573 608 2616 pessit,
634 2574 688 2606 sed
714 2573 746 2605 in
771 2572 833 2605 alio
852 2584 919 2606 mo·
961 2573 1178 2605 verisimiliter
1195 2578 1342 2616 speratur
1366 2573 1544 2606 animarum
1561 2572 1693 2612 fructus,
