2111 3157
9 215 64 241 An.
86 211 114 239 C.
131 211 197 239 ¹684

10 375 191 424 „.{.?3'¹'¹1¹1}20¹i¹l1²n'
275 418 280 423 .
348 419 366 424 ..
408 418 415 424 .

9 428 367 480 ffiissffniffiiissss,semmam
391 419 427 451 N.
455 419 620 458 alumnus,
647 418 776 461 plenam
809 418 932 450 habens

10 486 147 508 pucuporum.

51 2471 147 2504 formula
163 2474 193 2495 in*

13 2503 99 2520 YRUH'UU
137 2506 192 2521 luVe·

13 2529 60 2547 ΜΨ
75 2527 170 2549 nummi·
204 2533 276 2556 nam
301 2524 422 2557 habens
446 2525 584 2558 instituti
609 2525 799 2558 clericorum
824 2536 933 2559 saecu-

789 212 999 237 IN'NOCENTlUS
1023 213 1052 236 XI
1078 210 1126 236 PP-

201 259 404 293 Ordinarium
425 261 504 299 loci,
521 271 615 304 quam
642 269 717 303 erga
734 259 931 299 institutum,

202 313 351 355 sequenti
378 314 512 346 formul-:1
537 314 567 347 id
592 319 774 357 praestent:

244 375 299 398 κῃ.
332 378 345 396 α
366 365 431 408 Ego
451 366 499 405 N.,
528 365 611 399 silius
637 366 684 405 N.,
700 365 857 400 dioecesis
882 365 931 406 N.,

201 470 338 502 instituti
358 470 548 503 clericorum
566 470 776 504 saecularium
795 469 825 502 in
847 480 933 502 com-

201 532 297 555 mune
322 523 497 556 viventium
515 528 547 556 et
567 523 662 555 huius
687 521 850 555 seminarii
872 526 933 554 sta-

203 580 343 608 tutorum
360 575 515 614 notitiam,
535 575 659 617 legibus
683 579 716 607 et
735 574 933 607 constitutio-

201 626 295 660 nibus
321 627 488 670 utriusque
504 637 554 660 me
571 632 686 670 sponte
703 626 850 665 subiicio,
871 636 932 658 eas-

202 689 280 722 que,
297 685 450 722 quantum
469 679 500 712 in
517 689 566 712 me
585 679 659 719 erit,
677 678 839 711 observari
858 688 932 721 pro-

201 731 304 764 mitto.
331 731 465 775 Insuper
489 731 636 775 spondeo
661 736 693 764 et
716 731 787 763 iuro
804 741 855 763 me
873 731 931 763 sub

201 783 420 817 iurisdictione
437 784 706 824 reverendissimi,
722 783 771 816 vel
789 783 932 816 eminen-

202 836 315 870 tissimi
350 837 471 870 domini
507 836 667 870 Ordinarii
699 836 783 876 mei,
808 836 931 868 seclusa

203 889 290 922 omni
308 889 521 932 exemptione,
536 889 568 922 in
589 888 774 933 supradicto
786 888 932 921 instituto

202 941 404 981 clericorum,
422 941 493 984 qui,
511 942 635 975 secluso
653 941 844 974 seminarum
863 950 932 973 con-

202 994 309 1034 sortio,
327 994 394 1026 bini
408 994 457 1027 vel
473 994 583 1037 plures
598 1004 657 1037 pro
674 994 821 1026 locorum
835 993 933 1036 quali-

202 1052 265 1080 tate
283 1047 482 1088 cohabitant,
496 1052 527 1080 et
542 1047 628 1080 bona
641 1058 696 1080 sua
714 1057 750 1079 ex
767 1046 932 1079 beneficiis

202 1105 234 1132 et
258 1099 478 1132 functionibus
495 1099 720 1133 ecclesiasticis
740 1098 933 1143 provenien-

203 1153 245 1185 tia
269 1151 302 1184 in
332 1162 520 1185 communes
547 1152 616 1195 pios
641 1163 716 1185 usos
744 1152 829 1183 iuxta
859 1161 933 1183 con-

202 1205 405 1239 stitutionem
429 1205 704 1240 decimamnonam
730 1204 932 1237 sacerdotnm

202 1259 389 1298 conserunt,
407 1264 501 1302 atque
521 1260 579 1291 sub
597 1259 719 1301 privata
736 1263 768 1290 et
791 1267 933 1290 oecono-

201 1311 284 1344 mica
299 1311 392 1344 unius
416 1311 591 1354 superioris
608 1310 787 1343 directione
805 1310 932 1350 vivunt,

202 1364 267 1397 sive
282 1364 364 1396 intra
380 1364 445 1397 sive
462 1369 549 1396 extra
564 1363 788 1403 seminarium,
806 1372 934 1405 semper

201 1416 356 1449 victurum
373 1421 404 1449 et
420 1416 622 1449 moriturum.
637 1416 771 1459 Insuper
787 1415 932 1458 spondeo

202 1474 234 1503 et
257 1469 347 1510 iuro,
374 1469 480 1513 quod,
507 1470 582 1503 dum
606 1469 638 1502 in
664 1469 726 1502 hoc
761 1468 933 1501 seminario

200 1522 418 1566 permanebo,
442 1522 492 1556 vel
517 1522 592 1555 alibi
616 1521 796 1566 applicatus
822 1521 930 1560 suero,

201 1574 227 1607 si
253 1584 371 1617 urgens
396 1575 570 1607 necessitas
594 1585 610 1608 a
634 1574 855 1618 superioribus
873 1574 934 1606 hu-

201 1626 251 1659 ius
277 1627 410 1659 instituti
435 1628 614 1670 approbata
638 1627 849 1660 mutationem
871 1631 933 1659 sta-

201 1684 252 1711 tus
276 1680 472 1722 postularet,
496 1680 615 1713 nullam
648 1680 856 1722 religionem,
882 1689 934 1712 so-

201 1731 359 1771 cietatem,
375 1738 429 1765 aut
441 1733 725 1775 congregationem
745 1733 932 1775 regularem,

200 1785 249 1818 vel
270 1785 364 1819 etiam
379 1795 614 1828 quemcumque
636 1791 761 1825 statum,
780 1785 848 1818 sine
867 1795 936 1828 spe-

201 1837 273 1870 ciali
299 1837 442 1871 eiusdem
463 1838 720 1871 reverendissimi
742 1838 862 1871 domini
879 1839 935 1872 Or-

202 1890 317 1923 dinarii
343 1891 405 1924 mci
432 1891 578 1931 licentia,
595 1891 770 1934 ingrediar.
791 1892 933 1935 Denique

201 1943 349 1987 spondeo
373 1949 404 1976 et
428 1944 515 1982 iuro,
542 1954 592 1976 me
626 1944 824 1987 praedictum
849 1945 934 1977 iura-

200 2001 345 2029 mentum
358 1997 491 2039 eiusque
505 1997 735 2039 obligationem
749 1997 933 2040 intelligere

201 2053 234 2082 et
251 2049 506 2082 observaturum.
525 2049 589 2082 Sub
608 2050 658 2082 die
676 2049 724 2089 N.,
743 2050 863 2083 mensis
884 2050 933 2090 N.,

201 2111 286 2134 anno
310 2101 347 2134 N.
373 2101 423 2134 Sic
446 2113 497 2135 me
521 2102 604 2135 Deus
627 2103 770 2143 adiuvet,
797 2108 830 2136 et
854 2103 934 2138 haec

201 2154 300 2187 sancti
325 2154 380 2187 Dei
405 2154 580 2198 Evangelia
604 2167 636 2188 n.

243 2216 312 2241 xm.
339 2206 399 2246 Qui
423 2218 500 2241 vero
533 2208 652 2241 alumni
686 2208 719 2241 in
753 2209 932 2242 seminariis

201 2258 445 2294 ordinariorum
471 2271 535 2293 non
561 2260 698 2301 suerint,
726 2267 757 2294 et
781 2262 812 2294 in
838 2262 933 2295 semi-

201 2312 299 2345 nariis
325 2312 399 2345 huic
422 2313 568 2346 instituto
586 2313 724 2356 propriis
742 2313 930 2355 educantur,

202 2364 418 2399 iuramentum
443 2365 476 2398 in
501 2366 637 2399 formula
665 2367 813 2409 sequenti
839 2377 931 2409 prae-

203 2417 349 2450 stabunt:
559 2449 562 2453 ,

252 2482 265 2501 ‹
282 2470 347 2513 Ego
370 2471 419 2512 N.,
444 2471 527 2505 filius
551 2471 602 2513 N.,
629 2472 784 2505 dioecesis
806 2472 842 2514 N,
866 2474 933 2517 ple-

203 2575 318 2608 lai-ium
342 2576 375 2608 in
396 2587 565 2611 commune
582 2578 756 2612 viventium
776 2579 931 2622 notitiam,

974 260 1100 302 legibus
1135 264 1167 293 et
1201 259 1485 293 constitutionibus
1517 260 1616 303 ipsius
1653 270 1703 292 me

974 318 1087 355 sponte
1108 312 1260 353 subiicio,
1279 323 1413 356 easque,
1432 318 1583 356 quantum
1602 312 1634 345 in
1653 322 1703 346 me

974 365 1049 404 erit,
1069 365 1239 399 observare
1262 366 1427 409 promitto.
1454 365 1587 409 Insuper
1607 374 1705 408 spon-

973 417 1032 449 deo
1056 422 1088 450 et
1110 418 1180 451 iuro
1194 429 1244 451 me
1262 418 1321 450 sub
1342 418 1518 451 directione
1535 417 1657 461 privata
1674 422 1705 450 et

973 470 1180 503 oeconomica
1203 471 1360 513 praesidis
1386 470 1545 514 supremi,
1571 471 1704 513 eiusque

973 521 1004 553 in
1030 521 1093 554 hoc
1117 532 1251 555 munere
1276 522 1427 565 legitimis
1448 523 1702 564 successoribus,

973 573 1058 606 salva
1082 584 1142 617 per
1166 576 1273 607 omnia
1297 575 1557 609 reverendissimi
1583 575 1704 609 domini

972 626 1130 659 Ordinarii
1144 627 1205 660 mei
1224 628 1413 661 auctoritate
1425 634 1456 661 et
1466 628 1703 669 iurisdictione,

974 678 1004 710 in
1025 679 1208 721 supradicto
1229 679 1375 713 instituto
1396 681 1606 719 clericorum,
1627 681 1702 724 qui,

974 731 1097 764 secluso
1123 732 1313 765 seminarum
1345 734 1532 773 consortio,
1564 734 1630 766 bini
1655 734 1705 767 vel

974 783 1081 825 plures
1100 794 1157 827 pro
1178 784 1322 817 locorum
1341 786 1493 828 qualitate
1507 786 1703 826 cohabitant,

973 841 1003 868 et
1020 836 1103 869 bona
1121 847 1179 869 sua
1196 848 1232 870 ex
1250 837 1418 870 beneficiis
1439 843 1470 871 et
1486 838 1704 872 functionibus

973 889 1202 922 ecclesiasticis
1227 889 1447 932 provenientia
1467 890 1499 922 in
1520 900 1705 923 communes

973 940 1042 983 pios
1056 950 1145 981 usus,
1162 941 1248 974 iuxta
1262 941 1524 975 constitutionem
1539 942 1707 976 decimam·

974 1003 1090 1026 nonam
1116 993 1335 1034 sacerdotum,
1364 995 1552 1034 conserunt,
1578 1005 1707 1037 semper

973 1045 1131 1078 victurum
1149 1051 1181 1079 et
1193 1046 1393 1079 moriturum.
1414 1046 1550 1090 Insuper
1561 1047 1706 1090 spondeo

973 1103 1005 1130 et
1031 1098 1118 1138 iuro,
1145 1099 1249 1142 quod,
1278 1099 1351 1131 dum
1380 1099 1413 1131 in
1442 1100 1504 1133 hoc
1532 1100 1706 1134 seminario

974 1151 1180 1198 permanebo,
1196 1151 1245 1184 vel
1263 1151 1335 1184 alibi
1361 1152 1540 1194 applicatus
1556 1153 1661 1193 suero,
1680 1153 1705 1185 si

973 1213 1092 1245 urgens
1118 1203 1295 1237 necessitas
1320 1214 1337 1236 a
1359 1204 1584 1247 superioribus
1609 1205 1705 1237 huius

974 1256 1107 1289 instituti
1122 1257 1299 1300 approbata
1316 1258 1525 1291 mutationem
1541 1263 1641 1291 status
1653 1268 1707 1302 po-

974 1308 1124 1349 stularet,
1143 1309 1259 1341 nullam
1282 1309 1484 1352 religionem,
1504 1310 1705 1351 societatem,

973 1366 1026 1393 aut
1037 1363 1322 1405 congregationem
1336 1363 1527 1405 regularem,
1543 1364 1591 1397 vel
1610 1364 1706 1397 etiam

973 1425 1211 1458 quemcumque
1236 1420 1366 1456 statum,
1392 1416 1461 1449 sine
1491 1416 1624 1460 speciali
1657 1427 1708 1449 su-

975 1467 1076 1510 premi
1094 1467 1252 1510 praesidis
1279 1468 1373 1500 huius
1398 1468 1532 1502 instituti
1558 1469 1704 1510 licentia,

974 1520 1150 1562 ingrediar.
1174 1520 1318 1564 Denique
1339 1521 1485 1563 spondeo
1505 1527 1537 1555 et
1556 1521 1638 1562 iuro,
1656 1532 1707 1555 me

975 1573 1171 1615 praedictum
1196 1573 1410 1606 iuramentum
1436 1573 1568 1618 eiusque
1587 1574 1709 1618 obliga-

975 1625 1094 1659 tionem
1119 1626 1299 1668 intelligere
1318 1630 1349 1659 et
1366 1626 1624 1660 observaturum.
1642 1627 1707 1660 Sub

975 1679 1026 1712 die
1044 1679 1094 1719 N.,
1114 1679 1236 1713 mensis
1257 1679 1304 1719 N.,
1320 1689 1404 1712 anno
1424 1679 1460 1712 N.
1480 1680 1531 1713 Sic
1556 1691 1606 1714 me
1624 1680 1707 1715 Deus

976 1732 1103 1765 adiuvet
1127 1737 1158 1764 et
1181 1732 1262 1764 haec
1287 1738 1395 1767 sancta
1414 1733 1467 1765 Dei
1485 1733 1656 1776 Evangelia
1675 1747 1705 1767 ».

1019 1796 1082 1819 xiv.
1105 1785 1287 1819 Iuramento
1312 1786 1475 1828 praedicto
1501 1796 1565 1819 non
1581 1787 1710 1820 obstan-

976 1844 1015 1879 te,
1039 1839 1130 1872 facile
1156 1844 1230 1872 ante
1256 1845 1421 1883 susceptos
1455 1841 1593 1875 maiores
1623 1841 1709 1874 ordi-

976 1902 1032 1925 nes
1056 1892 1139 1926 circa
1159 1891 1256 1926 finem
1274 1893 1454 1926 studiorum
1474 1894 1708 1937 suscipiendos,

976 1945 1017 1977 ob
1034 1944 1258 1980 rationabilem
1275 1955 1414 1985 causam,
1433 1946 1656 1980 adolescentes
1669 1947 1709 1981 ad

976 1998 1170 2032 saecularem
1192 2003 1319 2038 statum,
1346 1998 1455 2032 habita
1479 1998 1586 2034 debita
1610 2000 1710 2033 licen-

977 2050 1019 2084 tia
1042 2061 1060 2083 a
1084 2050 1305 2093 superioribus
1330 2050 1425 2083 huius
1440 2051 1587 2092 instituti,
1613 2057 1645 2085 et
1661 2052 1710 2085 in-

976 2113 1092 2147 super,
1111 2104 1138 2136 si
1163 2103 1284 2138 alumni
1311 2103 1390 2145 sint,
1408 2115 1424 2136 a
1442 2104 1710 2139 reverendissimo

975 2155 1165 2197 Ordinario,
1184 2156 1320 2189 transire
1345 2161 1518 2199 poterunt,
1535 2167 1575 2190 ne
1600 2157 1708 2198 inviti,

975 2214 1029 2241 aut
1053 2219 1182 2252 gravem
1208 2208 1430 2241 difficultatem
1455 2208 1651 2249 sentientes,
1669 2209 1709 2243 ad

975 2267 1091 2295 statum
1108 2262 1255 2295 clericale
1273 2262 1453 2301 trahantur,
1469 2262 1502 2294 in
1520 2272 1582 2305 quo
1596 2268 1711 2305 postea

975 2315 1014 2348 ad
1031 2314 1183 2348 scandala
1199 2314 1373 2354 declinent;
1393 2314 1507 2347 solutis
1525 2314 1615 2358 prius
1629 2325 1710 2348 sum·

974 2368 1083 2411 ptibus
1119 2367 1388 2407 sustentationis,
1412 2367 1474 2400 nisi
1505 2367 1568 2400 illis
1590 2367 1624 2400 in
1649 2368 1711 2401 hoc

974 2431 1048 2454 casu
1084 2430 1143 2464 pro
1168 2425 1260 2464 parte
1296 2425 1350 2453 aut
1374 2429 1412 2452 ex
1435 2419 1563 2463 integro
1589 2421 1711 2454 condo—

974 2479 1080 2507 netur.
1598 2509 1603 2513 ,

1017 2537 1069 2560 xv.
1095 2526 1183 2559 quta
1207 2527 1357 2560 classium
1382 2525 1618 2570 praedictarum
1648 2527 1711 2560 dis-

975 2580 1175 2616 tinctionem.
1201 2580 1351 2613 iuventus
1368 2579 1463 2613 etiam
1484 2584 1546 2612 tres
1566 2580 1631 2612 vias
1649 2581 1710 2623 spi-

1596 201 1661 235 533
1707 211 1756 237 An.
1774 211 1803 237 e.
1827 211 1896 240 1684
