2111 3157
160 160 214 187 An.
232 159 261 187 e.
279 159 348 188 1684
393 151 458 185 550

354 209 513 251 guineam,
539 213 593 242 aut
618 208 696 242 alias
721 206 927 251 quantumvis
951 207 1036 249 piam
1057 211 1089 239 et

353 268 497 295 sanctam
523 262 691 295 mulierem
708 288 715 300 ,
746 260 804 293 sub
836 260 952 293 eodem
977 264 1063 292 tecto
1079 286 1086 299 ,

354 326 418 359 quo
444 315 552 348 clerici
579 314 642 347 duo
679 315 727 347 vel
763 314 873 357 plures
898 312 1087 355 congregati

353 368 513 406 habitant,
533 367 664 406 habere,
688 376 759 399 cum
785 366 827 398 sit
850 366 900 398 vel
925 365 1089 408 periculo-

353 431 436 460 sum,
463 420 510 453 vel
536 419 779 459 scandalosum,
804 424 858 451 aut
882 419 996 451 saltem
1022 427 1087 451 non

352 473 476 512 deceat,
496 472 622 515 aliaque
640 471 708 505 viro
727 471 845 504 clerico
870 470 946 504 inde
971 471 1088 504 incom-

351 526 447 559 moda
473 530 653 568 emergant.

394 588 449 612 Lu.
484 578 515 611 Si
552 588 616 621 quo
653 588 729 611 casu
765 576 983 611 substantialis
1007 576 1088 609 haec

350 631 548 671 constitutio,
560 641 620 674 per
633 641 666 664 se
679 630 842 674 loquendo
857 629 1089 663 inviolabiliter

349 684 528 724 servanda,
558 683 591 716 in
622 683 712 728 praxi
738 688 770 716 et
794 693 869 716 casu
899 682 1087 726 particulari

351 738 439 771 nulla
463 738 589 771 ratione
615 737 781 770 observari
799 747 896 781 posse
913 735 1086 776 videretur,

350 799 389 823 eo
415 790 501 834 quod
527 790 646 823 familia
663 789 702 822 de
728 800 812 823 novo
836 788 1033 832 incipienda,
1055 788 1087 820 in

351 853 430 886 qua,
457 842 498 876 ob
523 842 656 886 praedia
685 843 825 883 rustica,
852 843 901 875 vel
926 841 1021 875 aliam
1046 841 1087 874 oh

349 906 478 929 causam
498 896 646 936 similem,
671 906 791 939 pecora
815 895 879 929 sint
903 895 1029 935 alenda,
1056 900 1089 927 et

351 948 567 982 incontinenti
599 948 668 981 sieri
693 958 759 982 non
784 949 889 992 possit
912 958 971 991 per
995 947 1088 980 habi-

351 1001 507 1034 tationem
532 1001 677 1034 diurnam
696 1006 957 1044 nocturnamque
975 1000 1088 1032 distin-

351 1059 435 1087 ctam
459 1054 620 1087 sufficiens
645 1054 830 1098 separati03
858 1064 895 1087 ea
927 1052 1089 1096 quampri-

350 1118 440 1140 mum
465 1108 641 1147 ordinetur,
660 1108 726 1140 sive
745 1117 782 1140 ex
809 1107 915 1140 favore
939 1116 1088 1139 reveren-

351 1160 475 1194 dissimi
501 1160 622 1193 domini
640 1160 812 1200 Ordinarii‚
830 1159 895 1194 sive
917 1170 953 1193 ex
971 1159 1087 1192 mediis

351 1213 524 1257 ipsiusmet
547 1213 803 1246 communitatis,

395 1275 462 1299 Lm.
490 1265 593 1300 Media
625 1276 747 1310 porro,
774 1265 892 1309 quibus
925 1265 1086 1308 generalis

350 1319 411 1353 ista
434 1320 621 1353 constitutio
646 1319 806 1353 inoffenso
831 1320 914 1363 pede
940 1319 971 1351 in
998 1319 1088 1352 sami-

350 1373 393 1407 lia
406 1372 602 1406 clericorum
619 1378 808 1406 constanter
825 1373 997 1406 decurrere
1013 1383 1087 1415 pos-

352 1425 404 1465 sit,
423 1430 516 1458 erunt
540 1425 725 1469 sequentia:
751 1425 782 1457 in
808 1425 889 1458 locis
914 1424 946 1457 in
971 1425 1086 1468 quibus

351 1478 484 1522 praedia
508 1478 628 1511 rustica
644 1488 770 1511 annexa
791 1488 860 1511 esse
885 1488 951 1510 non
969 1478 1085 1517 solent,

352 1531 461 1565 culina
485 1536 516 1565 et
540 1536 607 1565 tota
639 1531 758 1564 familia
783 1531 925 1564 virorum
951 1531 1017 1564 sive
1043 1531 1088 1564 sa-

351 1585 514 1618 mulorum
540 1586 639 1627 opera
672 1584 875 1624 instituatur,
901 1583 954 1627 qui
980 1583 1088 1617 omnia

352 1637 535 1671 ministeria
571 1637 687 1670 domus
724 1641 913 1680 praestent;
940 1637 973 1669 in
1009 1637 1088 1669 locis

351 1701 437 1731 vero,
457 1690 522 1723 sive
539 1690 715 1734 parochiis,
734 1690 850 1733 quibus
866 1690 985 1722 rustica
1001 1700 1088 1732 prae-

353 1742 404 1775 dia
429 1752 553 1775 annexa
577 1752 646 1775 esse
672 1747 927 1780 consueverunt,
952 1752 1088 1785 quorum

351 1795 477 1828 ratione
496 1800 528 1828 et
545 1795 720 1828 inevitabili
740 1795 877 1838 quadam
895 1795 1088 1828 necessitate

354 1848 468 1880 similis
494 1848 599 1880 culina
617 1853 647 1880 et
666 1848 795 1887 familia,
815 1853 951 1891 propter
967 1848 1090 1880 emolu-

353 1906 499 1933 mentum
525 1901 707 1943 fructusque
733 1911 882 1943 agrorum
905 1905 936 1933 et
956 1900 1090 1933 decima-

353 1964 442 1994 rum,
461 1954 585 1986 institui
602 1954 818 1986 necessarium
836 1959 900 1993 est,
919 1953 1090 1986 mulierum

354 2007 483 2040 servitia
508 2007 747 2046 tolerabuntur,
769 2011 804 2038 ut
826 2006 872 2039 sic
896 2016 960 2038 non
986 2007 1091 2039 solum

356 2060 500 2099 culinae,
526 2070 636 2093 verum
661 2059 755 2093 etiam
781 2059 837 2092 toti
869 2059 1015 2102 reliquae
1047 2058 1092 2091 sa-

354 2113 463 2146 miliae
488 2113 603 2146 melius
628 2112 856 2156 prospiciatur.

400 2176 462 2199 Liv.
483 2166 517 2198 ln
535 2166 628 2199 dictis
647 2165 796 2206 servitiis
815 2165 1018 2199 sacerdotum
1039 2175 1093 2208 pa-

356 2223 462 2251 rentes
494 2223 526 2251 et
562 2218 817 2261 consanguinei,
844 2223 998 2261 quantum
1023 2217 1091 2250 fieri

356 2271 495 2314 poterit,
519 2271 777 2311 constituantur,
804 2270 919 2314 quibus
945 2270 1094 2303 deficien-

357 2323 463 2363 tibus,
501 2324 581 2356 aliae
623 2325 782 2356 honestae
818 2322 1093 2366 movemini-isque

359 2376 470 2409 aetatis
494 2387 655 2419 personae
680 2381 906 2416 assumantur;
925 2375 968 2408 ita
986 2380 1093 2408 tamen

362 2434 435 2462 uta
460 2430 652 2462 clericorum
679 2435 741 2462 tam
768 2430 893 2463 diurnis
920 2439 1013 2472 quam
1039 2439 1095 2461 no-

359 2482 483 2514 cturnis
510 2482 771 2523 habitationibus,
795 2482 1016 2516 intercedente
1034 2482 1095 2514 sus-

360 2534 487 2567 ticiente
506 2535 663 2574 clausura,
681 2535 906 2576 seiungantur;
922 2534 1007 2578 quod
1025 2545 1095 2575 pro-

932 157 1111 183 BULLARIUM
1135 156 1286 182 Romnum

1129 204 1205 238 inde
1231 206 1416 249 superiores
1432 206 1529 241 huius
1554 207 1690 241 instituti
1715 212 1866 243 constan·

1131 258 1251 292 tissime
1277 259 1537 294 aemulabuntur.

1174 320 1222 344 LV.
1249 311 1283 344 ln
1309 312 1396 345 hunc
1419 312 1516 346 finem
1538 314 1784 357 parochialibus
1814 326 1867 350 ae-

1130 364 1223 397 dibus
1255 365 1370 398 domus
1402 365 1542 400 rusticae
1566 366 1599 399 in
1623 367 1697 400 loco
1727 369 1866 411 quodam

1130 416 1235 450 vicino
1261 422 1487 459 annectantur,
1504 419 1555 452 vel
1575 429 1648 462 pars
1674 420 1706 452 in
1731 420 1801 464 ipsa
1817 432 1866 456 sa-

1130 471 1304 511 cerdotali,
1329 471 1354 504 si
1380 472 1559 515 amplitudo
1583 472 1615 506 id
1636 473 1782 517 patiatur,
1805 485 1866 518 per

1130 533 1257 556 murum
1276 523 1480 557 interiectum
1498 530 1676 568 separetur,
1694 526 1727 559 in
1748 527 1866 570 quibus

1130 576 1384 609 matresfamilias
1424 577 1579 620 degentes
1621 578 1866 612 subordinatum

1130 629 1292 671 quoddam
1311 639 1410 673 super
1427 635 1525 663 totam
1544 630 1697 664 familiam
1714 632 1866 666 rusticam

1130 681 1275 724 regimen
1301 682 1487 715 habebunt:
1506 683 1670 727 parochus
1687 694 1764 718 vero
1781 684 1865 719 hanc

1130 734 1322 768 inferiorum
1341 735 1552 769 directionem
1573 737 1703 771 culinae
1719 743 1751 771 et
1766 738 1865 772 totius

1132 787 1270 821 familiae
1306 788 1340 820 in
1371 789 1569 832 praedictam
1592 791 1866 825 matremfamilias

1130 840 1314 875 immediate
1339 842 1481 883 reiiciat,
1498 848 1533 875 ut
1550 843 1593 878 ita
1616 843 1743 883 clerici,
1765 854 1868 887 nego-

1130 894 1182 927 tiis
1205 894 1417 928 interioribus
1441 895 1608 939 sepositis,
1633 907 1651 929 a
1674 896 1866 930 mulieribus

1130 947 1260 990 penitus
1286 948 1437 991 separati,
1456 948 1488 981 in
1505 949 1588 982 vitae
1604 948 1776 983 sanctitate
1800 949 1866 983 Deo

1130 1000 1248 1033 servire
1274 1005 1306 1033 et
1328 1000 1423 1033 saluti
1454 1001 1634 1034 animarum
1658 1001 1793 1035 liberius
1817 1002 1867 1036 in-

1130 1052 1265 1095 vigilare
1288 1053 1428 1086 valeant.

1173 1114 1234 1138 Lvi.
1269 1105 1371 1139 Porro
1391 1133 1398 1147 ,
1435 1111 1471 1139 ut
1504 1106 1669 1150 praedicta
1706 1107 1866 1150 separatio

1130 1159 1329 1192 commodius
1353 1159 1518 1192 observari
1543 1164 1655 1203 queat,
1673 1164 1705 1194 et
1720 1169 1776 1201 ne,
1798 1160 1866 1194 eius

1129 1212 1308 1252 occasione,
1327 1216 1380 1244 aut
1404 1212 1568 1255 parochus
1588 1212 1803 1246 necessariam
1822 1212 1868 1246 in-

1130 1264 1329 1307 spectionem
1354 1265 1387 1297 in
1414 1265 1567 1298 familiam
1591 1264 1743 1308 negligat,
1763 1265 1866 1299 autin

1129 1317 1209 1350 cibis
1234 1318 1370 1360 aliisque
1398 1318 1565 1361 requisitis
1590 1328 1648 1361 pro
1673 1318 1800 1352 clericis
1824 1318 1866 1352 ad

1130 1370 1260 1403 domum
1296 1371 1533 1404 sacerdotalem
1570 1371 1754 1404 deserendis
1785 1371 1868 1405 diffi-

1130 1425 1230 1456 cultas
1255 1429 1309 1456 aut
1330 1424 1576 1458 incommoditas
1595 1424 1645 1464 sit,
1664 1424 1749 1457 inter
1764 1429 1869 1458 utras-

1131 1487 1192 1520 que
1210 1477 1307 1510 aedes
1325 1477 1431 1510 aditus
1449 1488 1485 1510 ac
1505 1477 1651 1520 porticus
1672 1477 1866 1519 intercedat,

1131 1540 1194 1573 quo
1219 1529 1264 1562 ita
1288 1530 1403 1563 domus
1428 1535 1459 1563 et
1484 1530 1604 1563 familia
1635 1531 1758 1564 rustica
1780 1530 1853 1564 aedi

1131 1583 1191 1615 bus
1216 1582 1459 1625 parochialibus
1492 1593 1617 1616 annexa
1653 1588 1685 1616 et
1715 1583 1854 1627 approxi

1130 1639 1216 1667 mata
1240 1635 1488 1676 accomodetur,
1514 1641 1550 1668 ut
1584 1645 1621 1668 ex
1658 1635 1772 1669 eadem
1803 1634 1869 1669 cibi

1132 1688 1207 1721 inde
1239 1688 1277 1720 ad
1303 1687 1485 1721 clericalem
1520 1698 1665 1721 mensam
1697 1688 1870 1722 commode

1132 1740 1271 1780 deferri,
1300 1745 1331 1773 et
1354 1740 1513 1784 inspectio
1543 1741 1728 1773 necessaria
1751 1740 1870 1774 haberi

1131 1794 1244 1837 possit.
1272 1794 1386 1826 Aditus
1408 1804 1486 1836 ergo
1503 1793 1536 1826 in
1554 1793 1703 1826 inferiori
1731 1795 1782 1827 vel
1802 1803 1871 1827 me·

1133 1849 1185 1881 dia
1209 1847 1452 1890 contignatione
1470 1847 1596 1880 aedium
1618 1847 1870 1882 sacerdotalium

1132 1911 1232 1944 usque
1250 1900 1288 1932 ad
1310 1900 1442 1932 domum
1466 1900 1622 1933 rusticam
1648 1900 1816 1934 traductus
1837 1905 1872 1934 et.

1133 1960 1245 1997 patens
1271 1953 1302 1986 in
1323 1953 1386 1986 fine
1411 1954 1593 1986 clausuram
1617 1953 1761 1994 habebit,
1778 1953 1870 1987 cuius

1133 2006 1292 2040 beneficio
1316 2006 1484 2050 praedicta
1509 2006 1670 2050 separatio
1693 2005 1764 2047 fiat,
1791 2007 1873 2040 itaut

1133 2070 1228 2094 nemo
1253 2058 1445 2092 clericorum
1479 2069 1539 2101 per
1567 2059 1659 2092 illum
1685 2058 1808 2092 aditum
1832 2069 1871 2093 ex

1133 2112 1267 2145 aedibus
1292 2112 1547 2145 sacerdotalibus
1562 2111 1601 2144 ad
1622 2112 1752 2145 domum
1776 2112 1872 2146 rusti·

1134 2176 1216 2205 cam,
1240 2175 1346 2208 neque
1372 2175 1409 2197 ex
1435 2164 1555 2198 familia
1580 2169 1612 2198 et
1635 2165 1731 2198 domo
1751 2164 1872 2198 rustica

1134 2219 1174 2251 ad
1199 2219 1330 2251 domum
1349 2217 1542 2251 clericorum
1565 2227 1708 2262 unquam
1733 2217 1871 2252 transire

1136 2273 1253 2305 valeat.

1179 2334 1255 2358 Lvu.
1289 2324 1330 2357 Ut
1363 2324 1466 2357 maior
1497 2325 1623 2358 cautela
1655 2324 1872 2366 adhibeatur,

1136 2383 1292 2420 quantum
1323 2379 1470 2411 locorum
1506 2377 1694 2411 constitutio
1724 2377 1870 2421 patitur,

1136 2431 1249 2464 domus
1279 2431 1470 2464 clericorum
1506 2435 1618 2464 contra
1652 2440 1781 2464 omnem
1813 2441 1869 2464 ac-

1136 2493 1259 2516 cessum
1277 2483 1349 2526 (vel
1374 2485 1486 2516 ianuas
1510 2493 1575 2516 uon
1600 2493 1798 2516 necessarias
1815 2483 1872 2516 ob-

1137 2536 1303 2571 struendo.
1322 2537 1373 2569 vel
1398 2546 1490 2569 muro
1511 2535 1810 2579 circumvallando)
1827 2534 1877 2572 ita

1869 159 1921 190 An.
1938 160 1967 189 C.
1985 162 2056 191 ¹68⁴
