2111 3157
0 231 48 257 Aa.
64 229 94 255 C.
114 227 179 254 1⁶88

184 274 440 308 distributionem
463 284 673 317 unaquaeque
699 274 834 309 domus,
860 283 913 304 cu-

183 326 231 359 ius
255 327 345 370 prior
367 337 432 359 non
457 327 563 359 veniet
587 326 625 358 ad
650 326 838 368 capitulum,
856 326 914 357 sol-

182 384 233 411 vet
256 379 341 412 dicto
365 380 522 412 visitatori
553 378 714 418 venienti,
740 382 795 410 aut
818 378 912 410 etiam

183 432 275 464 alteri
299 432 439 464 venienti
466 433 535 464 loco
554 431 637 472 eius,
659 431 789 464 nomine
810 431 911 463 dictae

183 484 366 527 provinciae
382 512 389 525 ‚
417 495 504 517 suam
529 488 641 518 ratam.
676 483 815 522 Quarum
837 494 911 516 vero

183 537 350 570 domorum
368 537 493 579 priores
514 537 552 569 ad
574 536 746 579 capitulum
772 535 911 575 venient,

182 590 255 622 illae
281 589 319 621 ad
344 589 618 622 contributionem
638 588 832 631 praedictam
853 598 911 630 pro

181 642 237 675 illo
261 652 347 674 anno
382 642 512 674 minime
548 642 753 675 tenebuntur.
779 640 843 674 Nec
867 646 913 673 ta-

180 705 254 728 men
279 705 337 737 pro
354 694 414 727 hoc
435 694 517 727 aliae
534 694 656 732 domus,
676 703 810 736 quarum
824 692 912 735 prio-

180 757 232 780 res
250 748 287 780 ad
306 748 481 790 capitulum
500 757 564 779 non
582 746 768 785 ascendent,
786 746 911 778 solvent

179 799 300 843 aliquid
326 800 462 843 amplius
487 799 572 831 dicto
597 798 762 838 visitatori,
789 804 843 830 aut
867 799 912 831 al-

179 844 240 884 teri
258 853 329 885 loco
347 852 415 884 eius
433 851 471 884 ad
489 851 664 894 capitulum
680 850 831 890 venienti,
852 860 911 893 pro

178 904 328 947 expensis
352 903 488 941 itineris,
507 903 589 935 ultra
608 913 696 935 suam
715 902 909 935 ordinariam

177 962 279 989 taxam
302 956 363 989 sibi
388 966 447 999 pro
472 958 537 988 rata
570 956 755 988 facultatum
780 966 910 988 suarum

178 1008 386 1051 assignatam.
414 1007 502 1046 Quod
529 1008 552 1039 si
583 1009 690 1040 nullus
720 1009 812 1051 prior
835 1019 911 1051 pro-

176 1061 300 1093 vinciae
325 1060 460 1093 alicuius
479 1061 518 1093 ad
539 1061 710 1102 capitulum
738 1061 907 1100 ascendat,

176 1113 232 1146 sed
257 1115 343 1146 solus
368 1113 516 1151 nuntius,
544 1123 704 1155 expensae
730 1113 805 1145 dicti
832 1123 910 1145 nun-

177 1166 211 1198 tii
225 1166 377 1199 similiter
394 1166 577 1198 dividentur
594 1176 651 1208 per
669 1176 779 1198 omnes
795 1166 908 1198 domus

175 1217 262 1251 illius
287 1218 495 1261 provinciae,
529 1228 587 1261 pro
622 1220 689 1250 rata
722 1218 908 1251 facultatum

174 1271 429 1314 uniuscuiusque
456 1271 584 1304 domus.

217 1334 287 1358 xm.
317 1324 348 1357 Si
375 1334 451 1356 vero
479 1323 784 1357 ambo'visitatores
814 1335 909 1357 vene-

174 1376 238 1409 rint
254 1376 293 1409 ad
318 1376 504 1419 capitulum,
531 1386 594 1408 non
621 1381 726 1409 tamen
752 1377 908 1409 tenebun-

174 1434 228 1462 tur
252 1434 375 1462 ceterae
401 1430 515 1462 domus
537 1430 744 1462 contribuere
765 1430 825 1462 nisi
847 1440 906 1472 pro

174 1485 242 1514 rata
273 1492 483 1525 expensarum
516 1482 621 1514 unius.
656 1482 725 1515 Non
757 1484 906 1526 praeclu-

175 1535 261 1568 ditur
277 1535 372 1568 etiarn
389 1536 439 1568 via
457 1536 571 1569 ceteris
595 1536 767 1579 prioribus,
786 1536 907 1579 quomi-

173 1598 244 1629 nus,
263 1588 288 1620 si
307 1589 414 1627 velint,
438 1589 477 1621 ad
502 1589 677 1632 capitulum
702 1590 810 1621 venire
834 1599 907 1632 pos-

174 1641 239 1674 sint
263 1642 412 1685 expensis
438 1643 589 1685 propriae
615 1643 740 1675 domus.

218 1705 259 1728 tx.
280 1695 328 1727 Illi
347 1700 458 1735 autem,
481 1695 597 1738 quibus
614 1706 721 1728 sermo
740 1696 907 1728 habendus

175 1751 323 1790 tempore
349 1747 480 1790 capituli
499 1758 553 1780 scu
579 1748 708 1781 collatio
723 1748 906 1790 iniungitur,

174 1799 212 1832 ad
238 1799 413 1842 capitulum
444 1800 576 1833 omnino
608 1801 718 1833 venire
744 1805 905 1833 tenentur.

175 1850 266 1890 Quod
285 1853 308 1885 si
326 1852 405 1885 sorte
424 1852 569 1894 legitimo
590 1852 822 1895 impedimento
842 1852 908 1884 sue-

175 1904 242 1937 rint
266 1904 399 1945 detenti‚
417 1905 497 1937 itaut
513 1905 652 1948 capitulo
670 1905 825 1938 interesse
842 1915 907 1937 non

175 1957 308 2001 possint,
327 1957 448 1990 debent
468 1958 531 1990 hoc
552 1963 738 2001 opportuno
764 1963 907 2000 tempore

176 2009 325 2042 intimare
349 2010 527 2043 reverendo
551 2010 647 2053 patri,
677 2011 731 2053 qui
752 2010 850 2043 aliurn
876 2010 906 2041 in

177 2073 291 2096 eorum
322 2064 429 2096 locum
457 2063 655 2105 subrogabit.
682 2063 773 2101 Quod
799 2063 825 2095 si
850 2073 910 2095 nec

175 2116 332 2155 venerint,
350 2126 411 2148 nec
426 2116 664 2149 excusationem
677 2116 908 2155 mandaverint,

178 2168 240 2201 sint
256 2179 314 2212 per
338 2169 419 2201 duos
445 2179 571 2201 menses
588 2174 675 2201 extra
692 2170 801 2202 sedem
820 2180 908 2202 suam

178 2220 211 2253 in
236 2226 411 2260 conventu;
439 2226 470 2253 et
493 2221 722 2261 nihilominus,
747 2222 771 2254 si
801 2233 910 2255 eorum

179 2278 381 2316 contemptus
399 2278 430 2305 et
450 2273 647 2316 negligentia
664 2274 818 2309 maiorem
835 2285 912 2318 poe-

180 2335 253 2358 nam
280 2325 435 2368 exegerit,
453 2326 567 2359 maiori
593 2330 697 2370 poena
722 2328 908 2370 puniantur.

222 2389 253 2412 x.
279 2379 405 2411 Priores
434 2379 473 2411 ad
498 2380 670 2421 capitulum
702 2381 911 2413 ascendentes

179 2432 229 2464 vel
253 2431 434 2464 redeuntes
452 2431 484 2464 in
510 2432 658 2464 domibus
682 2432 829 2473 Ordinis,
853 2444 913 2477 per

182 2494 260 2527 quas
278 2489 457 2524 transeunt,
476 2495 540 2517 non
566 2490 716 2517 maneant
732 2486 793 2518 uisi
814 2497 911 2519 unum

182 2535 290 2577 diem,
321 2540 376 2570 aut
403 2537 539 2569 alterum
567 2537 606 2570 ad
634 2548 813 2580 summum,
841 2539 911 2572 sine

181 2591 278 2622 causa
293 2587 497 2623 rationabili.

770 225 980 249 taxoctzwtvs
1002 226 1032 248 Xt
1059 225 1106 248 Μ’.

1581 215 1645 248 85ῗῖ
1691 223 1740 249 An.
1759 223 1786 249 e.
1812 224 1878 250 usa

999 283 1042 305 xi.
1068 272 1181 305 Striaezte
1205 273 1428 316 prohibemus,
1455 282 1494 304 ue
1520 271 1597 304 fiant
1620 273 1686 305 ullo

956 336 1039 359 anno
1064 325 1095 359 in
1120 325 1306 369 provinciis,
1324 331 1396 358 ante
1420 325 1469 358 vel
1494 330 1566 368 post
1590 335 1684 367 gene·

956 379 1021 410 rale
1036 378 1220 421 capitulum,
1234 377 1504 421 congregationes
1518 378 1684 420 generales

955 431 1116 473 priorum;
1136 431 1191 464 sed
1214 431 1348 474 priores,
1363 425 1421 474 'qui
1443 430 1616 463 habuerint
1632 440 1686 463 ne-

955 483 1077 525 gotium
1102 484 1140 516 ad
1166 484 1340 527 capitulum
1366 485 1515 526 generale
1545 483 1685 517 reseren-

955 536 1038 575 dum,
1064 537 1216 576 scribant,
1233 537 1293 576 vel,
1311 536 1335 568 si
1358 547 1439 580 opus
1461 536 1509 576 sit,
1530 536 1684 569 accedant

954 588 992 620 ad
1017 589 1211 622 visitatorem
1246 600 1318 622 cum
1352 600 1390 622 eo
1422 590 1460 622 de
1492 589 1684 622 necessariis

954 642 1129 674 tractaturi.

995 704 1051 727 ΧΠ.
1070 694 1223 727 Omnibus
1241 694 1389 738 personis
1404 694 1531 727 Ordinis
1549 694 1685 727 firmiter

954 747 1138 779 inhibemus
1167 758 1207 779 ne
1226 747 1375 779 inducant
1401 758 1475 780 suos
1500 747 1684 780 fundatores

954 800 1002 832 vel
1027 799 1211 832 saeculares
1247 799 1327 831 alios
1363 801 1411 832 vel
1447 800 1683 832 ecclesiasticos

953 851 991 884 ad
1009 851 1216 884 scribendum
1233 852 1375 894 capitulo
1398 851 1540 893 generali
1566 856 1619 883 aut
1636 862 1686 883 re-

952 904 1095 937 verendo
1113 904 1195 947 patri
1220 914 1280 947 pro
1304 914 1337 937 se
1363 904 1453 947 ipsis,
1469 904 1518 936 vel
1538 903 1575 937 de
1594 904 1684 937 sactis

953 957 1122 990 domorum
1149 967 1276 989 suarum
1301 956 1552 1000 particularibus
1570 961 1601 989 et
1621 958 1686 1000 pri-

952 1010 1042 1048 vatis,
1058 1019 1118 1042 nec
1135 1019 1283 1042 excessus
1300 1010 1349 1041 vel
1368 1009 1554 1052 disciplinas
1571 1019 1685 1052 perso-

953 1072 1063 1094 narum
1090 1061 1216 1094 Ordinis
1242 1061 1462 1094 saecularibus
1491 1061 1685 1094 denuntient

952 1115 1019 1147 ullo
1037 1115 1143 1147 modo.
1163 1114 1219 1153 Qui
1244 1120 1356 1148 contra
1374 1113 1492 1154 fecerit,
1512 1124 1571 1157 pro
1588 1114 1683 1147 modo

952 1169 1066 1210 eulpae
1091 1167 1232 1210 graviter
1255 1167 1414 1210 puniatur.

994 1230 1062 1253 xm.
1090 1220 1228 1259 Priores,
1254 1225 1284 1252 et
1309 1220 1388 1252 aliae
1412 1230 1573 1263 personae
1596 1219 1683 1253 Ordi-

952 1273 1010 1311 nis,
1030 1274 1068 1306 ad
1086 1272 1285 1306 Carumsiam
1311 1278 1457 1315 tempore
1473 1273 1604 1315 capituli
1630 1283 1684 1315 ge-

952 1327 1070 1359 neralis
1089 1326 1268 1366 venientes,
1289 1336 1354 1358 non
1372 1326 1466 1358 nimis
1492 1326 1681 1368 tempestive

951 1380 1089 1413 venient.
1105 1380 1195 1418 Quod
1213 1380 1240 1412 si
1258 1380 1363 1423 aliqua
1388 1379 1570 1412 rationabili
1587 1382 1683 1412 causa

949 1433 1096 1465 venerint
1120 1439 1192 1466 ante
1212 1438 1346 1476 tempus,
1366 1433 1473 1465 domui
1494 1432 1682 1465 Cartliusiae

950 1487 1074 1518 solvant
1098 1496 1265 1529 expensas,
1290 1496 1367 1528 quas
1394 1490 1469 1518 tuuc
1495 1485 1614 1519 ibidem
1641 1486 1668 1518 se

949 1539 1063 1571 cerint.

991 1601 1054 1623 xlv.
1074 1590 1197 1623 Famuli
1214 1591 1359 1634 priorum
1375 1590 1503 1624 Ordinis
1516 1591 1683 1624 venientes

950 1643 989 1676 ad
1014 1643 1190 1686 capitulum
1226 1644 1377 1686 generale
1407 1645 1455 1676 vel
1488 1644 1525 1676 ad
1552 1644 1682 1677 domum

950 1696 1136 1728 Carthusiae
1162 1706 1258 1738 super
1282 1706 1412 1734 annum,
1439 1702 1609 1740 postquam
1639 1698 1669 1729 di

950 1748 1098 1781 miserint
1117 1759 1218 1791 equos
1244 1748 1274 1780 in
1295 1749 1448 1787 correria,
1467 1749 1571 1781 statim
1589 1760 1682 1782 enses

952 1806 982 1832 et
1002 1806 1108 1832 cetera
1129 1810 1216 1832 arma
1241 1810 1296 1832 sua
1321 1801 1448 1832 tradant
1472 1801 1682 1834 custodienda

952 1853 1142 1896 coquinario
1174 1854 1317 1886 eiusdem
1348 1854 1529 1895 correriae,
1562 1855 1614 1897 qui
1648 1866 1682 1887 ea

952 1907 1061 1938 clausa
1079 1906 1225 1945 servabit,
1245 1906 1348 1938 donec
1367 1905 1456 1938 linito
1474 1906 1615 1949 capitulo
1632 1917 1668 1940 ve

952 1959 1011 1991 lint
1042 1959 1101 2001 ipsi
1127 1970 1143 1991 a
1168 1959 1335 1991 Carthusia
1360 1959 1540 1992 discedere.

995 2023 1044 2045 xv,
1072 2012 1201 2044 Priores
1219 2022 1330 2045 omnes
1356 2012 1409 2054 qui
1428 2012 1568 2055 capitulo
1587 2023 1685 2055 gene-

954 2065 1011 2098 rali
1037 2065 1148 2097 volunt
1165 2069 1196 2097 et
1215 2064 1332 2097 debent
1357 2065 1524 2105 interesse,
1541 2065 1682 2108 vesperis

952 2117 1075 2150 sabbati
1097 2117 1290 2150 dominicam
1316 2117 1441 2150 tertiam
1466 2123 1538 2160 post
1559 2123 1684 2151 octavas

952 2171 1092 2203 Paschae
1117 2170 1350 2213 praecedentis,
1369 2175 1400 2203 et
1421 2170 1562 2203 eiusdem
1588 2171 1686 2204 domi-

953 2225 1043 2257 nicae
1063 2223 1227 2256 matutinis
1252 2234 1352 2266 usque
1372 2224 1410 2256 ad
1428 2224 1548 2263 laudes,
1567 2224 1684 2257 missae

954 2283 984 2311 et
1001 2277 1144 2320 vesperis
1162 2276 1323 2309 interesse
1346 2282 1503 2317 tenentur,
1522 2282 1553 2309 et
1569 2277 1685 2310 eodem

954 2330 1004 2363 die
1030 2331 1063 2362 in
1088 2328 1259 2362 refectorio
1294 2329 1455 2372 prandent
1479 2335 1519 2367 et,
1535 2335 1683 2363 coenant.

996 2393 1059 2416 xvt.
1086 2382 1187 2415 Porro
1211 2380 1317 2414 statim
1349 2386 1425 2424 post
1447 2392 1598 2425 vesperas
1631 2383 1687 2416 do-

954 2436 1102 2474 minicae,
1122 2435 1249 2478 pulsata
1274 2436 1436 2478 campana,
1451 2440 1484 2468 et
1509 2446 1687 2479 congrega·

957 2488 994 2521 tis
1019 2487 1168 2521 omnibus
1194 2487 1226 2519 in
1252 2488 1323 2520 aula
1347 2487 1517 2531 superiori,
1537 2499 1687 2522 reveren-

956 2541 1014 2574 dus
1039 2546 1131 2584 pater
1154 2540 1355 2581 Carthusiae,
1378 2541 1500 2581 stando,
1520 2542 1596 2575 dicit
1621 2543 1684 2575 Be-

956 2593 1112 2635 nedicite,
1140 2604 1203 2638 quo
1227 2594 1334 2636 dicto,
1360 2595 1451 2628 sedet
1474 2595 1554 2639 ipse,
1579 2600 1611 2629 et
1634 2593 1687 2629 alii
