2111 3157
155 195 249 225 Aac.
274 195 343 223 1679
387 186 452 222 2¹18

348 244 426 288 ipsis
444 245 670 288 praesentibus
693 244 719 277 si
737 245 844 278 forent
858 244 1019 278 exhibitae
1034 245 1084 278 vel

349 303 511 331 ostensae.

392 351 507 383 Datum
530 351 659 389 Romae,
691 350 775 393 apud
803 350 834 383 S.
861 350 1001 388 Petrum,
1026 351 1084 384 sub

348 404 469 436 annulo
507 403 679 436 Piscatoris
695 430 702 442 ,
740 403 792 436 die
829 414 867 436 xx
902 403 1084 436 novembris

347 465 516 495 nnetxxix,
542 454 751 498 pontificatus
776 455 880 488 nostri
905 466 991 489 anno
1018 467 1060 489 tv.

382 516 440 543 Dat.
462 517 505 543 die
520 516 553 544 20
570 516 727 543 novembris
748 517 825 551 1679,
848 518 943 552 pontif.
960 525 1030 545 anno
1047 525 1083 545 ιν.

653 658 782 692 LXXVI.

352 736 596 778 Confirmantur
618 738 779 781 quaedam
802 742 923 771 statuta
946 739 1083 782 fratrum

394 791 556 822 Minorum
576 791 613 823 de
639 791 851 825 observantia
867 802 886 824 a
903 792 1020 825 Sancta
1036 792 1088 825 Se-

394 842 432 875 de
452 844 547 887 prius
567 843 609 876 ad
634 854 770 876 examen
794 849 952 877 revocata.

534 913 732 950 innocentius
755 924 835 957 Papa
855 924 905 955 XI,

474 969 512 994 ad
532 971 707 1001 perpetuam
726 967 770 994 rei
790 967 969 995 memoriam.

184 1043 305 1065 Exordtum-
396 1037 560 1071 Militantis
578 1037 741 1071 Ecclesiae
758 1038 908 1080 regimini
922 1048 979 1081 per
993 1038 1089 1071 abun-

353 1091 494 1124 dantiam
531 1090 658 1123 divinae
691 1090 862 1129 bonitatis,
892 1091 982 1124 nullo
1014 1091 1090 1123 licet

352 1143 542 1176 meritorum
566 1148 750 1176 nostrorum
777 1142 1091 1186 suffragiQpraepo-

352 1196 421 1235 siti,
447 1196 518 1235 illa,
545 1206 626 1238 quae
658 1206 719 1238 pro
752 1195 837 1228 felici
864 1206 1088 1238 prosperoque

352 1248 583 1290 religiosorum
609 1247 766 1280 Ordinum
798 1248 831 1280 in
866 1247 1009 1280 Ecclesia
1034 1248 1087 1280 Dei

352 1300 405 1343 pie
431 1305 606 1342 sancteque
639 1299 880 1339 institutorum,
907 1310 942 1332 ac
972 1298 1088 1332 uberes

352 1353 514 1386 bonorum
537 1362 673 1395 operum
691 1352 823 1392 trucum,
843 1352 1025 1395 adspirante
1044 1363 1089 1384 su-

353 1405 447 1448 perni
486 1404 603 1437 favoris
628 1404 757 1443 auxilio,
791 1405 939 1447 proferre
973 1404 1090 1447 iugiter

353 1458 580 1499 satagentium,
600 1456 758 1499 gubernio
778 1462 807 1489 et
826 1467 1001 1499 progressu
1020 1468 1091 1499 pro-

352 1511 424 1544 vide
449 1511 677 1554 sapienterque
702 1511 871 1542 constituta
890 1516 919 1543 et
944 1511 1089 1543 ordinata

353 1575 424 1596 esse
450 1569 640 1603 noscuntur,
667 1569 701 1595 ut
725 1563 816 1595 firma
841 1573 969 1606 semper
994 1568 1089 1605 atque

352 1616 506 1649 inviolata
530 1615 712 1659 persistant,
739 1616 906 1658 apostolici
932 1615 1086 1648 munimi-

353 1669 404 1700 nis
428 1668 592 1712 praesidio
617 1668 759 1701 libenter
787 1668 1043 1700 constabilimus.

159 1755 188 1772 l
194 1726 342 1773 Ιωῐένυνωνῗὲξν
398 1721 412 1763 ἓ
434 1721 465 1752 l.
485 1720 608 1763 Exponi
630 1720 789 1762 siquidem
808 1720 903 1752 nobis
925 1731 1030 1763 nuper
1048 1720 1090 1753 se-

186 1783 257 1825 'va
249 1786 296 1827 Ἢ
309 1782 341 1825 “¹³¹¹
338 1774 397 1806 cit
422 1775 558 1807 dilectus
582 1772 667 1805 fitius
693 1773 851 1815 Iosephus
877 1773 1030 1805 >Limenes
1051 1774 1089 1805 de

320 1813 565 1877 {Satniniegffi
597 1824 744 1857 minister
775 1825 936 1867 generalis
962 1824 1090 1856 Ordinis

174 1886 222 1929 Q
236 1864 312 1905 νννῖννυῖΙ
283 1865 286 1877 ¹
323 1880 429 1910 stati
433 1888 484 1909 um
502 1877 660 1910 Minorum
679 1877 779 1909 sancti
796 1876 956 1909 Francisci
976 1877 1013 1909 de
1031 1876 1091 1909 Ob-

174 1892 512 1964 =T·³³i'ssee,“‘iu150p·anija
529 1935 800 1972 nuncupatorum,
816 1930 911 1972 quod,
928 1940 986 1972 pto
1004 1930 1089 1962 felici

354 1985 430 2017 dicti
448 1983 577 2016 Otdinis
604 1982 738 2025 eiusque
764 1983 899 2014 fratrum
932 1982 1089 2024 regimine

354 2043 385 2069 et
397 2037 583 2076 directione,
598 2037 755 2069 nonnulla
768 2041 883 2068 statuta
899 2035 931 2067 in
950 2035 1089 2078 capitulo

353 2089 498 2131 generali
522 2089 623 2132 ipsius
642 2088 780 2127 Ordinis,
801 2089 886 2131 quod
904 2088 1090 2127 novissime,

353 2142 503 2175 videlicet
537 2152 620 2174 anno
652 2151 832 2182 MDCLxxvt,
870 2141 902 2172 in
929 2141 987 2173 hae
1008 2142 1090 2173 almi

352 2195 437 2228 [ibe
455 2195 650 2228 celebratum
672 2200 727 2233 est,
744 2194 830 2226 edita
847 2194 987 2233 sucitnt3
1008 2204 1089 2236 quae

353 2259 424 2280 cuni
449 2248 542 2280 nobis
568 2258 625 2290 pto
650 2254 740 2289 ptrte
767 2247 868 2290 ipsius
886 2221 1014 2288 Ioseplii
1034 2247 1090 2278 nii-

353 2299 445 2332 nistri
478 2299 638 2341 generalis
677 2299 821 2331 exhibita
853 2298 1004 2337 suissent;
1032 2309 1089 2331 nos

353 2352 409 2385 illa
446 2352 624 2384 venerabili

354 2404 509 2447 episcopo
543 2403 751 2436 Praenestino
782 2403 813 2436 S.
842 2404 877 2436 R.
905 2403 939 2436 E.
974 2403 1088 2436 Carolo

355 2457 440 2500 Cybo
466 2462 662 2499 nuncupato,
686 2456 813 2489 Ordinis
846 2457 980 2499 praefati
1005 2456 1088 2499 apud

355 2520 414 2542 nos
449 2513 480 2542 et
511 2509 625 2542 Sedem
651 2509 868 2552 Apostolicam
893 2509 1087 2552 protectori,

356 2574 392 2596 ac
416 2562 580 2596 nonnullis
605 2562 768 2596 Romanae
794 2562 904 2596 Curiae
938 2562 1087 2596 praelatis

657 2352 748 2384 fratri
783 2356 895 2384 nostro
928 2352 1111 2383 Attici-ano:

929 196 1109 222 BULLAmun
1134 196 1285 222 ROMANUM

1125 245 1310 285 revfflenda,
1335 249 1366 277 et
1388 244 1442 277 ubi
1468 254 1549 288 opus
1570 245 1655 278 foret
1669 255 1862 287 corrigentia

1127 303 1158 331 et
1176 299 1356 342 supplenda
1369 298 1598 331 commisimus.
1614 299 1662 332 ltti
1676 310 1751 332 vero
1774 310 1864 333 man-

1127 352 1208 384 datis
1240 351 1361 384 nostris
1398 357 1569 394 parenteS,
1597 352 1709 385 eadem
1745 356 1864 385 statuta

1126 409 1251 437 mature
1277 415 1314 437 ac
1339 403 1513 445 diligenter
1533 404 1764 442 discusserunt,
1781 405 1864 438 mul-

1127 456 1230 500 tisque
1256 457 1421 496 correctiS,
1440 457 1629 495 emendatis,
1646 456 1770 499 aptatis,
1788 467 1865 500 sup-

1126 509 1222 552 pletis
1247 514 1279 542 et
1303 509 1440 548 additis,
1466 520 1502 542 ae
1526 509 1692 542 nonnullis
1718 509 1860 549 omissis,

1127 562 1182 594 illa
1206 562 1394 604 redigerunt
1426 562 1458 594 in
1492 562 1626 595 sormam
1659 561 1781 595 tenoris
1808 561 1863 606 qui

1128 615 1287 658 sequitur,
1306 614 1477 647 videlicet:
1588 608 1592 609 ⁷

1265 672 1373 702 statuta
1392 682 1441 708 pro
1464 676 1578 711 utraque
1600 673 1720 712 familia.

1172 732 1195 754 1.
1232 721 1280 754 Ad
1312 721 1478 754 evitandas
1514 732 1625 764 graves
1661 727 1695 755 et
1731 721 1864 755 inutiles

1130 783 1300 816 expensas,
1325 773 1451 816 aliaque
1481 773 1687 806 incommoda
1717 783 1800 817 quae
1825 784 1863 807 ex

1129 826 1350 859 celebratione
1392 826 1683 868 congregationum
1730 836 1865 868 genera-

1130 879 1207 911 lium
1231 878 1495 911 intermediarurn
1526 878 1671 911 omnium
1703 879 1864 912 vocalium

1131 930 1225 962 unius
1257 931 1397 964 familiae
1430 936 1635 973 sequuntur,
1675 931 1866 964 decernitur

1132 984 1290 1026 praefatas
1319 983 1590 1026 congregationes
1619 984 1786 1026 generales
1816 984 1867 1016 ut-

1133 1037 1232 1069 terius
1248 1036 1460 1069 eelebrandas
1473 1046 1538 1068 non
1556 1046 1638 1069 esse.
1651 1035 1727 1069 Cum
1745 1041 1865 1075 autern,

1132 1088 1218 1120 iuxta
1252 1089 1376 1121 Bullam
1408 1088 1525 1121 Leonis
1560 1088 1586 1120 X
1625 1098 1707 1131 quae
1747 1088 1865 1121 dicitur

1134 1141 1278 1181 Umbnis,
1298 1141 1438 1174 officium
1463 1141 1674 1173 commissarii
1700 1141 1865 1183 generalis

1132 1193 1283 1233 familiae,
1310 1194 1348 1226 de
1374 1203 1437 1236 qua
1461 1193 1609 1225 minister
1633 1193 1794 1235 generalis
1819 1203 1866 1226 as-

1132 1251 1278 1289 sumptus
1295 1257 1357 1278 non
1377 1250 1436 1287 est,
1457 1256 1515 1288 per
1540 1245 1715 1278 triennium
1741 1250 1866 1278 tantum

1133 1299 1248 1331 durare
1285 1298 1420 1337 debeat,
1445 1297 1596 1329 statuitur
1628 1298 1716 1340 quod
1743 1298 1776 1330 in
1801 1297 1865 1330 fine

1133 1350 1281 1390 triennii,
1308 1350 1492 1383 convocatis
1520 1360 1580 1393 per
1604 1350 1788 1382 ministrum
1813 1355 1867 1383 aut

1131 1402 1282 1435 vicarium
1307 1404 1492 1445 generalem
1524 1403 1620 1435 totius
1650 1402 1781 1435 Ordinis
1811 1412 1867 1445 pa-

1134 1455 1235 1488 tribus
1251 1455 1425 1488 delinitorii
1440 1456 1601 1497 generalis
1616 1454 1703 1488 illius
1718 1455 1866 1495 familiae,

1133 1519 1170 1540 ex
1185 1519 1247 1551 qua
1261 1507 1501 1540 commissarius
1517 1507 1677 1550 generalis
1695 1508 1866 1550 eligendus

1133 1567 1191 1601 est,
1206 1572 1265 1604 per
1289 1562 1394 1604 ipsum
1413 1561 1606 1599 ministrum,
1626 1571 1683 1593 seu
1698 1560 1866 1600 vicarium,

1133 1619 1192 1654 aut,
1220 1615 1289 1657 ipso
1318 1613 1463 1656 legitime
1495 1613 1668 1656 impedito,
1694 1623 1752 1656 per
1776 1623 1868 1645 suum

1133 1667 1391 1700 commissarium
1413 1666 1451 1698 ad
1476 1666 1540 1698 hoc
1572 1666 1756 1708 specialiter
1780 1665 1870 1698 dele·

1133 1726 1251 1763 gatum,
1279 1725 1310 1752 et
1334 1729 1394 1762 per
1418 1724 1526 1762 patres
1552 1718 1607 1761 qui
1632 1723 1708 1751 sunt
1731 1719 1771 1751 de
1796 1727 1869 1750 cor-

1133 1784 1209 1816 pore
1235 1771 1409 1806 definitorii
1436 1771 1597 1813 generalis
1614 1771 1800 1814 praedictae
1824 1770 1869 1802 sa-

1132 1825 1250 1865 miliae,
1268 1824 1301 1856 in
1326 1824 1434 1866 vigilia
1459 1823 1677 1862 Pentecostes,
1695 1833 1755 1865 per
1779 1823 1870 1855 sche-

1134 1878 1225 1911 dulas
1252 1882 1409 1916 secretas,
1443 1877 1533 1909 nutto
1562 1881 1785 1919 proponente,
1813 1875 1869 1908 fiat

1134 1930 1249 1963 electio
1275 1930 1348 1962 novi
1373 1928 1587 1962 commissarii
1621 1928 1783 1970 generalis
1814 1938 1868 1960 us-

1133 1994 1195 2025 que
1225 1983 1264 2015 ad
1300 1982 1479 2025 capitulum
1517 1982 1669 2023 generale
1702 1981 1865 2021 duraturi3

1134 2035 1322 2068 definitores
1344 2045 1420 2067 vero
1438 2034 1569 2077 capituli
1590 2033 1755 2077 praeteriti
1773 2044 1868 2076 prae-

1133 2089 1215 2121 fatae
1242 2088 1379 2120 samiliae
1404 2098 1462 2130 per
1486 2087 1677 2119 sexennium
1701 2097 1803 2129 usque
1827 2086 1867 2119 ad

1133 2140 1307 2183 capitulum
1332 2141 1485 2182 generale
1515 2139 1700 2172 immediate
1726 2149 1866 2182 sequens

1133 2193 1312 2232 durabunt;
1331 2192 1410 2224 sicut
1428 2192 1615 2224 definitores
1634 2192 1803 2234 generales
1824 2191 1868 2223 sa-

1133 2246 1258 2285 mitiae,
1285 2256 1321 2278 ex
1348 2255 1411 2288 qua
1441 2249 1622 2287 assumptus
1647 2249 1694 2276 est
1717 2243 1867 2276 minister

1133 2297 1303 2339 generalis,
1322 2298 1450 2330 durant.
1478 2297 1513 2329 In
1538 2296 1793 2339 congregatione
1811 2306 1866 2328 au-

1134 2357 1195 2383 tem
1212 2351 1355 2393 praefato
1377 2351 1474 2383 modo
1492 2350 1696 2389 celebranda,
1714 2349 1787 2382 lites
1808 2359 1867 2391 per

1132 2403 1310 2436 sententias
1342 2398 1464 2443 dirimi,
1491 2401 1725 2436 declarationes
1754 2401 1867 2434 dubia-

1132 2466 1203 2488 ium
1224 2456 1491 2488 constitutionum
1512 2455 1590 2496 sieri,
1609 2460 1640 2487 et
1661 2455 1790 2488 decreta
1807 2463 1867 2497 per

1132 2508 1305 2541 triennium
1335 2509 1535 2552 subsequens
1561 2482 1714 2541 duratuta
1738 2508 1789 2541 edi
1815 2518 1867 2540 va-

1131 2562 1233 2597 leant:
1258 2563 1345 2596 let-*cs
1368 2567 1483 2597 autem
1501 2572 1557 2595 seu
1575 2566 1703 2596 statuta
1723 2566 1778 2594 aut
1794 2571 1867 2596 con-

1871 197 1921 226 Αη,
1935 198 1965 227 C.
1987 198 2052 230 ¹679

1902 734 1932 756 οη
1946 739 2056 760 enngmga·

1876 762 1968 782 tit-nibus

1876 789 1959 810 nundus.

1995 762 2056 782 iutue-
