2111 3157
66 229 157 257 Ans..
180 226 245 253 1684

253 273 371 307 familia
390 278 452 306 tarn
473 272 559 306 circa
577 269 764 314 temporalia
781 278 875 312 quam
893 265 983 309 spiri-

251 327 350 360 tualia
372 331 524 366 versetur,
550 329 582 358 et
605 333 685 368 quae
705 322 850 366 pericula
867 320 982 352 incom-

250 380 411 422 modaque
429 388 594 421 emergere
619 386 711 420 posse
735 374 915 407 videantur.
935 370 982 403 Ad

251 436 441 465 conventum
465 430 498 463 in
522 428 666 463 districtu
691 425 837 461 decanali
860 423 982 456 haben-

250 485 327 518 dum
353 483 519 517 annuatim
546 491 676 525 quoque
708 479 829 512 debent
853 485 983 518 compa-

248 545 332 578 rere,
349 536 556 570 scientiarum
574 531 819 567 exercitationes
838 529 982 570 frequen-

249 596 338 630 tare,
365 589 494 632 aliaque
518 586 624 620 media
647 585 809 627 arripere,
837 591 918 624 quae
943 579 982 612 ad

250 642 529 677 conservationem
557 639 718 672 institutae
750 634 941 678 disciplinae
965 642 983 664 a

250 695 470 741 superioribus
490 692 664 727 salubriter
683 689 801 723 suerint
821 686 979 720 ordinata.

294 758 390 782 cxvn.
421 747 562 781 Clericos
592 744 652 777 sibi
689 741 911 776 cohabitantes
943 737 982 770 ad

248 806 361 835 nutum
384 799 590 843 superiorum
621 797 812 840 (postquam
848 803 865 824 a
895 800 982 823 reve-

248 853 451 887 rendissimis
477 851 617 885 dominis
642 847 820 883 Ordinariis
845 846 876 878 id
900 843 982 887 peti-

248 912 316 939 tum
340 911 373 939 et
389 915 577 938 concessum
595 903 712 944 suerit)
738 899 915 942 suscipient
931 897 981 929 vel

248 959 419 1000 dimittent,
445 963 542 1002 prout
566 966 736 990 commune
767 951 981 997 parochiano-

246 1023 340 1053 rum,
364 1013 413 1045 vel
442 1010 601 1044 clericalis
625 1009 722 1042 huius
752 1006 901 1045 instituti,
928 1009 982 1038 aut

246 1065 442 1110 particulare
467 1065 682 1108 ipsorummet
706 1061 900 1095 clericorum
925 1058 982 1091 bo-

246 1129 326 1151 num
360 1116 578 1161 requisiverit.
617 1115 675 1154 Qui
714 1124 792 1147 vero
827 1112 981 1146 canonice

246 1171 388 1204 investiti
412 1169 545 1214 parochi
571 1169 620 1202 vel
644 1166 827 1201 beneficiati
851 1165 980 1205 suerint,

247 1223 376 1258 nonnisi
411 1233 448 1256 ex
486 1221 673 1258 rationabili
706 1225 739 1252 et
769 1219 855 1262 gravi
888 1219 982 1250 causa

248 1286 267 1308 a
304 1272 585 1307 reverendissimis
624 1271 761 1304 dominis
803 1268 982 1303 Ordinariis

249 1327 380 1370 cognita
402 1331 434 1360 et.
453 1326 629 1370 approbata
651 1324 800 1367 (servata
817 1331 981 1355 sacrorum

248 1390 406 1423 canonum
441 1384 474 1413 et
507 1379 590 1412 sacri
627 1376 759 1411 Concilii
801 1373 981 1408 Tridentini

249 1432 482 1477 dispositione)
507 1432 728 1466 mutabuntur.
765 1428 813 1461 Ad
837 1426 983 1461 vacantia

247 1486 406 1520 beneficia
428 1495 495 1519 non
517 1495 576 1529 pro
594 1484 750 1517 arbitratu
767 1493 826 1516 suo
844 1482 983 1526 adspira-

199 1546 202 1550 '
247 1540 345 1581 hunt,
363 1539 420 1573 sed
444 1538 660 1582 expectabunt
681 1538 785 1571 donec
801 1547 819 1570 a
836 1537 984 1580 superio-

82 766 112 787 ne
123 766 239 792 parochiali

58 797 78 811 οι
85 799 186 819 cuiusque
198 793 238 814 loci

57 819 198 845 particularis.

836 217 1043 244 lNNOCENTlUS
1066 218 1096 241 XI
1122 218 1158 240 Pl*

1650 203 1707 234 Ful

1024 275 1115 305 nam,
1142 268 1273 307 accepta
1298 263 1329 295 in
1355 263 1436 296 stola
1459 261 1596 301 minori,
1624 261 1662 293 de
1687 262 1758 304 qui-

1024 317 1081 350 bus
1098 317 1245 350 omnibus
1263 316 1397 359 singulis
1414 314 1580 348 mensibus
1598 313 1756 347 rationem

1024 370 1160 403 reddere
1186 374 1369 403 teneantur.

1068 433 1136 456 cxx.
1164 423 1281 457 Rerum
1307 423 1535 466 temporalium
1559 421 1757 455 administra·
1812 449 1950 471 omnam

1026 475 1103 508 tioni
1128 481 1257 519 praeter
1279 478 1327 509 vel
1353 481 1463 509 contra
1498 475 1638 509 officium
1661 486 1755 508 suum
1766 477 1871 524 Jt¹¹³ffl³¹¹¹¹
1887 476 1949 497 ³¹¹³·-

1774 509 1799 527 1s,
1810 504 1844 530 qui
1856 504 1949 528 parocho

1024 539 1118 562 nemo
1143 540 1176 562 se
1196 530 1391 570 immisceat,
1411 541 1470 563 nec
1490 540 1599 563 earum
1620 529 1950 583 disposi-gssffigffifiggffi

1024 581 1145 615 tionem
1186 583 1315 615 ambiat.
1356 584 1462 616 Liceat
1497 589 1604 616 tamen
1641 582 1844 626 cuiquebiwffl·

1024 634 1263 676 praedictarum
1284 645 1392 667 rerum
1419 636 1675 678 dispensatorem
1701 635 1757 668 sra-

1025 692 1115 721 terne
1139 698 1198 731 per
1222 688 1352 721 modum
1375 689 1501 721 consilii
1517 689 1555 721 de
1574 689 1679 731 aliquo
1699 699 1756 722 no-

1025 739 1113 772 tabili
1138 741 1355 773 emolumento
1389 742 1439 774 vel
1475 741 1671 774 detrimento
1701 753 1756 775 oe-

1024 792 1193 825 conomiae
1233 793 1426 832 admonere;
1466 803 1517 826 res
1557 795 1756 827 necessariae

1024 844 1131 886 quoad
1157 845 1348 878 vestimenta
1381 850 1413 878 et
1440 846 1503 878 alia
1532 847 1684 879 utensilia
1715 848 1754 880 ab

1023 906 1202 930 oeconomo
1227 898 1360 940 singulis
1384 903 1610 941 procurentur.

1068 959 1148 983 cxxi.
1175 950 1447 989 Quemadmodum
1464 952 1609 995 parochi,
1636 952 1755 995 aliique

1025 1002 1220 1046 principales
1245 1004 1439 1045 beneficiati,
1462 1005 1505 1038 ita
1525 1011 1556 1038 et
1573 1004 1755 1048 cappellani

1024 1060 1055 1087 et
1087 1056 1281 1100 quicumque
1314 1058 1519 1099 beneficiati,
1554 1063 1610 1091 aut
1644 1058 1755 1092 clerici

1024 1119 1096 1141 cum
1109 1110 1180 1142 aliis
1197 1111 1421 1144 cohabitantes
1434 1138 1441 1151 ‚
1457 1112 1574 1154 singuli
1592 1122 1665 1144 suos
1685 1113 1757 1146 red-

1024 1160 1108 1194 ditus
1145 1164 1196 1196 vel
1229 1170 1353 1197 certum
1384 1175 1476 1197 suum
1513 1165 1663 1198 salarium
1699 1166 1756 1198 ha-

1025 1215 1140 1256 beant,
1167 1217 1206 1249 de
1243 1228 1305 1260 quo
1334 1218 1367 1250 in
1392 1228 1468 1251 usus
1501 1218 1575 1251 huic
1607 1219 1755 1252 instituto

1024 1270 1248 1302 convenientes
1280 1280 1422 1313 congruo
1452 1272 1549 1304 modo
1582 1271 1756 1315 disponere

1025 1321 1168 1362 possint3
1211 1333 1281 1355 cum
1323 1324 1460 1366 quilibet
1498 1331 1679 1368 respectum
1725 1332 1757 1359 et

1025 1373 1257 1416 obligationem
1282 1386 1373 1408 suam
1398 1387 1463 1410 non
1489 1378 1605 1410 habeat
1631 1381 1669 1412 ad
1684 1390 1756 1422 per-

1025 1437 1134 1459 sonam
1160 1428 1388 1470 particularem
1415 1431 1499 1463 hanc
1515 1433 1563 1465 vel
1581 1433 1677 1473 illam,
1699 1434 1755 1467 sed

1025 1480 1128 1522 quivis
1153 1490 1190 1513 ex
1216 1481 1295 1524 ipsis
1320 1483 1376 1515 toti
1400 1483 1559 1524 instituto,
1581 1486 1686 1528 quoad
1705 1496 1757 1519 res

1026 1539 1057 1567 et
1082 1535 1226 1568 redditus
1251 1546 1334 1577 suos,
1361 1547 1398 1569 ac
1422 1536 1562 1570 vicissim
1583 1542 1685 1571 totum
1711 1540 1758 1571 in-

1760 213 1808 237 An.
1829 210 1858 238 C.
1883 211 1947 239 1682

247 1593 338 1626 vibus
361 1592 497 1626 instituti
514 1591 687 1624 ordinariis
701 1591 740 1624 ad
756 1601 793 1624 ea
810 1600 983 1633 assequen-
1000 1599 1004 1632 ι
1022 1589 1167 1622 stitutum
1193 1589 1327 1622 cuilibet
1350 1591 1496 1623 membro
1521 1591 1696 1633 obligatum
1715 1592 1758 1624 in-

248 1646 290 1680 da
306 1645 584 1679 commendentur.

85 1713 241 1733 vennone-mo
295 1709 403 1733 cxvm.
437 1698 633 1732 OEconomus
657 1697 814 1741 cuiusque
833 1697 894 1731 loci
911 1707 984 1740 par-

58 1738 181 1764 parochmh.

250 1810 305 1838 aut
328 1805 382 1848 qui
406 1804 440 1837 in
463 1804 520 1837 illo
544 1805 617 1837 loco
634 1804 754 1847 primas
772 1809 874 1845 tenet;
896 1806 983 1849 quod

250 1859 278 1892 si
302 1863 408 1891 tamen
432 1856 595 1900 parochus
620 1856 652 1889 in
677 1857 898 1900 spiritualibus
919 1870 985 1891 ma-

250 1910 298 1954 gis
322 1920 417 1954 quam
446 1909 678 1952 temporalibus
708 1916 909 1953 praestaret,
936 1914 983 1945 vel

249 1964 380 2008 pietatis
418 1963 524 1996 studio
560 1964 730 2007 absorptus
763 1965 845 1999 haec
877 1965 984 1998 infima

1025 1642 1201 1684 telligatur.
1222 1642 1370 1675 Ceterum
1385 1643 1465 1676 haec
1479 1644 1652 1684 ordinatio,
1672 1645 1758 1688 quod

1025 1695 1131 1728 clerici
1157 1700 1279 1728 certum
1303 1697 1454 1729 salarium
1471 1696 1590 1729 habere
1609 1697 1757 1737 debeant,

248 1751 393 1787 ticularis
416 1750 578 1785 ordinarie
613 1750 681 1793 ipse
712 1751 874 1794 parochus
909 1751 981 1792 erit„
1002 1766 1005 1786 ι
1026 1748 1065 1780 de
1101 1748 1139 1780 iis
1175 1753 1296 1780 tantum
1322 1749 1535 1791 intelligitur,
1561 1750 1634 1793 qui,
1660 1749 1758 1783 finitis

1025 1801 1149 1841 studiis,
1168 1807 1221 1834 aut
1243 1802 1398 1845 praestito
1422 1802 1610 1843 iuramento,
1637 1809 1760 1836 eertum

1027 1855 1164 1888 officium
1190 1856 1321 1889 habent.
1349 1855 1463 1889 Clerici
1488 1866 1562 1889 vero
1587 1856 1710 1899 primae
1728 1863 1760 1889 et

1027 1909 1185 1941 secundae
1211 1909 1336 1949 classis,
1363 1919 1433 1942 cum
1460 1915 1533 1942 ante
1569 1910 1760 1952 praestitum

1026 1963 1241 1995 iuramentum
1267 1963 1409 1995 nondum
1435 1963 1474 1996 ad
1499 1967 1760 2000 communitatem

252 2017 442 2061 despectare
465 2016 639 2056 videretur,
666 2018 705 2050 ad
741 2017 827 2050 illius
864 2019 985 2051 instan-
1003 2009 1006 2059 ξ
1026 2017 1188 2049 bonorum
1205 2017 1399 2059 obligentur,
1419 2018 1445 2050 si
1463 2019 1549 2061 quod
1568 2019 1760 2052 beneficium

251 2070 328 2103 tiam
352 2069 562 2103 oeconomiae
588 2069 822 2103 administratio
839 2071 871 2103 in
888 2072 983 2104 alium

252 2122 410 2168 aptiorem
441 2122 606 2155 transferri
631 2123 770 2166 poterit,
802 2124 845 2156 ita
877 2131 983 2157 tamen

250 2181 286 2208 ut
308 2176 471 2219 parochus
495 2175 644 2218 superior
658 2186 786 2219 semper
803 2177 927 2217 existat,
946 2178 984 2209 ab

252 2229 385 2273 eiusque
410 2228 590 2262 directione
615 2228 669 2262 ille
701 2240 899 2265 oeconomus
930 2232 984 2264 de-

250 2283 394 2325 pendere
412 2282 540 2316 debeat.

295 2346 379 2370 cxix.
422 2335 456 2368 In
499 2345 573 2368 casu
609 2345 674 2379 quo
713 2336 782 2378 ipse
820 2338 983 2379 parochus

250 2388 474 2423 oeconomiam
511 2388 772 2429 administrabit,
798 2389 984 2424 inferiorem

1027 2071 1163 2110 hubent,
1183 2071 1220 2103 ad
1247 2071 1332 2102 aliud
1358 2082 1422 2103 non
1441 2072 1641 2113 obligentur,
1664 2082 1759 2114 quam

1027 2129 1061 2156 ut
1085 2129 1231 2166 sumptus
1256 2134 1315 2166 pro
1340 2124 1406 2155 suis
1431 2124 1581 2166 personis
1604 2125 1703 2157 factos
1723 2135 1759 2158 ex

1026 2177 1174 2210 beneficii
1199 2176 1378 2209 redditibus
1400 2178 1538 2209 solvant.

1071 2240 1166 2264 cxxii.
1194 2230 1283 2263 Unde
1309 2230 1335 2261 is
1360 2229 1415 2272 qui
1445 2234 1575 2272 praeest
1598 2230 1632 2263 in
1651 2229 1759 2274 quavis

1027 2285 1119 2317 domo
1144 2283 1341 2326 particulari,
1369 2283 1465 2315 debet
1489 2283 1533 2323 id,
1554 2284 1641 2326 quod
1667 2284 1763 2316 coha-

1026 2336 1203 2369 bitantibus
1229 2335 1355 2368 clericis
1388 2346 1425 2367 ex
1451 2335 1574 2367 salariis
1601 2341 1632 2369 et
1656 2337 1761 2369 credi-

1027 2389 1111 2421 tibus
1134 2391 1219 2421 ultra
1250 2388 1366 2420 victum
1392 2393 1423 2420 et
1448 2388 1598 2420 vestitum
1628 2394 1660 2421 et
1684 2389 1761 2421 alias

253 2441 424 2485 quamdam
456 2441 734 2484 dispensationem
765 2442 885 2475 clerico
921 2443 986 2475 cui-
1005 2450 1007 2463 ³
1027 2452 1184 2485 expensas
1209 2452 1268 2485 per
1293 2451 1411 2473 annum
1435 2447 1594 2484 superest,
1619 2442 1762 2484 superio-

255 2494 326 2527 dam
367 2494 567 2529 cohabitanti
601 2495 641 2527 ad
677 2495 738 2528 hoc
769 2500 844 2539 apto
877 2496 984 2539 dabit,

254 2557 282 2579 v.
309 2557 355 2589 g.,
379 2557 487 2580 curam
510 2547 669 2588 vestiarii,
695 2549 797 2581 cellae
827 2548 984 2589 vinariae,

255 2609 411 2644 expensas
428 2600 630 2643 quotidianas
646 2601 835 2635 minutiores
855 2600 887 2635 in
909 2601 988 2635 culi-

337 2662 418 2691 Ball.
434 2664 514 2691 Rom.
530 2678 562 2683 —
583 2664 643 2691 Vol.
659 2664 735 2691 XIX.
880 2665 909 2691 71

1029 2496 1117 2529 ribus
1143 2495 1349 2537 consignare,
1376 2499 1411 2525 ut
1434 2504 1493 2536 pro
1526 2494 1674 2536 ipsismet
1697 2495 1762 2528 cle-

1030 2549 1112 2587 ricis,
1132 2553 1255 2581 servato
1281 2547 1393 2579 ord-ine
1419 2552 1451 2579 et
1476 2546 1694 2585 distinctione,
1715 2557 1762 2579 as-

1031 2606 1185 2643 servetur,
1205 2601 1308 2634 donec
1326 2600 1470 2645 ipsimet,
1490 2610 1547 2644 pro
1573 2599 1762 2633 oeconomia
