2111 3157
4 247 53 275 An.
67 244 96 273 C.
119 244 185 272 1680

764 244 975 270 INNOCENTIUS
997 246 1027 270 XI
1052 246 1100 271 Pr.

1596 233 1659 268 ⁶280
1705 245 1754 270 An.
1775 242 1803 270 c.
1824 242 1889 269 isso

192 291 348 326 leotiones
374 291 412 326 de
437 291 525 326 Novo
550 292 764 333 Testamento‚
792 293 923 333 ordine,
966 304 1002 325 ex
1029 293 1208 336 Prophetis,
1234 292 1316 326 sicut
1339 292 1445 336 psallit
1468 290 1610 325 Ecclesia
1636 292 1696 324 Ilo-

194 355 256 388 quo
273 356 388 388 supra;
408 350 481 389 post
498 350 645 388 quartum
661 355 737 378 vero
754 355 923 387 responso·

190 397 283 436 rium,
302 397 435 440 incipiat
455 397 552 430 abbas
577 397 730 440 hymnum
759 397 798 429 Te
819 396 921 428 Deum

192 448 383 489 Icindamus;
409 455 473 492 quo
505 449 606 489 dicto,
631 450 718 491 legat
746 448 844 480 abbas
876 449 922 481 le—

191 502 330 536 ctionem
356 503 394 535 de
420 501 613 544 Evangelio,
640 512 711 534 cum
739 502 864 533 honore
890 506 921 533 et

191 561 330 588 tremore
352 554 510 587 stantibus
535 554 702 594 omnibus,
728 564 789 596 qua
814 554 921 596 perle-

189 609 250 647 cta,
270 607 490 650 respondeant
514 617 633 647 omnes,
658 607 774 646 Amen,
795 611 828 639 et
850 607 921 639 sub-

188 664 342 702 sequatur
372 670 445 692 mox
478 659 576 692 abbas
609 659 762 702 hymnum
798 659 837 691 Te
868 659 919 691 de-

187 715 234 744 cet
257 711 347 750 Iaus;
369 717 400 745 et
417 712 488 744 data
507 711 737 745 benedictione
761 711 919 754 incipiant

186 764 372 797 matutinos.
412 763 468 802 Qui
500 765 579 797 ordo
615 764 795 807 vigiliarum
831 764 916 796 omni

187 822 333 859 tempore
359 822 421 850 tam
446 817 575 850 aestatis
603 828 698 860 quam
722 817 837 850 hiemis
866 827 917 849 ae-

187 869 326 911 qualiter
350 870 382 902 in
407 870 458 903 die
483 869 643 903 dominico
670 875 827 906 teneatur,
856 868 916 902 nisi

185 921 267 954 sorte
286 922 384 964 (quod
402 922 497 964 absit)
517 922 636 955 tardius
655 927 821 964 surgatur,
840 922 915 964 quia

185 978 260 1006 tunc
283 974 405 1017 aliquid
431 975 469 1007 de
489 974 682 1007 lectionibus
705 974 915 1007 breviandum

184 1030 233 1058 est
264 1030 318 1058 aut
347 1026 577 1069 responsoriis.
605 1026 693 1065 Quod
718 1031 825 1059 tamen
850 1037 916 1059 om-

183 1077 261 1110 nino
287 1083 457 1118 caveatur,
484 1088 524 1111 ne
557 1078 744 1121 proveniat:
777 1079 863 1121 quod
888 1079 912 1111 si

184 1130 365 1172 contigerit,
383 1130 479 1173 digne
504 1131 578 1164 inde
604 1132 775 1163 satisfaciat
799 1132 862 1163 Deo
880 1131 912 1163 in

184 1181 326 1214 oratorio
351 1193 411 1225 per
435 1183 526 1215 cuius
552 1184 697 1215 evenerit
721 1185 911 1226 neglectum.

247 1238 341 1270 CAPUT
364 1240 423 1270 XII.
448 1257 482 1261 —
508 1239 631 1275 Qualiter
654 1241 848 1270 matutinorum

407 1288 561 1317 solemnitas
581 1291 687 1325 agatur.

225 1341 259 1374 In
283 1341 447 1374 matutinis
482 1340 644 1373 dominico
669 1340 719 1373 die
745 1340 775 1372 iu
801 1341 911 1383 primis

181 1393 307 1427 dicatur
329 1394 470 1437 psalmus
496 1402 566 1425 vat
590 1393 659 1425 sine
685 1393 861 1435 antiphona
879 1393 910 1426 in

181 1446 354 1486 directum;
374 1451 448 1489 post
472 1456 568 1488 quem
594 1445 719 1478 dicatur
735 1446 876 1488 psalmus
893 1456 909 1478 L

180 1509 253 1531 cum
277 1498 431 1538 alleluz'ci;
460 1503 530 1540 post
554 1508 647 1540 quem
679 1497 801 1530 dicatur
828 1507 909 1530 cxvu

180 1556 211 1583 et
232 1560 311 1590 Lx113
331 1550 449 1583 deinde
467 1550 712 1582 benedictiones
733 1555 763 1582 et
783 1551 908 1589 laudes,

180 1602 274 1636 lectio
300 1602 339 1635 de
364 1601 555 1645 Apocalypsi
584 1612 647 1634 una
676 1612 713 1633 ex
741 1602 854 1640 corde,
880 1608 910 1634 et

179 1655 438 1698 responsorium,
465 1660 496 1687 et
520 1654 770 1693 ambrosianum,
791 1660 821 1686 et
843 1665 911 1687 ver-

179 1717 241 1746 sus,
267 1712 298 1739 et
321 1706 480 1740 canticum
505 1707 542 1739 de
560 1706 745 1748 Evangelio,
768 1707 907 1746 litaniae,

180 1763 212 1792 et
235 1759 431 1801 completum
457 1763 514 1791 est.

220 1814 314 1845 CAPUT
335 1814 408 1844 XIII.
430 1831 469 1838 —
490 1814 608 1844 Priratis
629 1814 730 1850 diebus,
754 1815 872 1853 qualiter

401 1864 528 1892 matutini
549 1867 675 1901 agantur.

0 1920 169 1968 ,argffied'ffissgffi
221 1915 339 1948 Diebus
374 1920 479 1947 autem
514 1915 643 1957 privatis
680 1915 908 1947 matutinorum

0 1968 368 2019 :praecedenti-solemnitas
393 1967 435 1999 ita
460 1972 590 2009 agatur:
617 1967 649 1999 id
675 1972 742 2005 est,
768 1968 908 2009 psalmus

179 2030 249 2054 LXVI
267 2020 390 2053 dicatur
408 2019 476 2052 sine
494 2019 672 2062 antiphona
693 2019 724 2051 in
741 2020 907 2060 directum,

179 2071 400 2104 subtrahendo
425 2071 552 2104 modice
577 2071 658 2103 sieut
683 2072 714 2103 in
739 2071 907 2111 dominica,

179 2129 214 2156 ut
237 2134 348 2157 omnes
373 2129 543 2156 occurrant
566 2124 604 2155 ad
630 2133 658 2163 L,
685 2124 738 2166 qui
763 2134 834 2156 cum
859 2135 909 2156 an-

179 2177 313 2220 tiphona
331 2175 470 2217 dicatur;
488 2180 559 2218 post
572 2185 664 2218 quem
679 2175 731 2208 alii
748 2176 810 2208 duo
824 2177 909 2219 psal-

178 2229 221 2261 mi
247 2229 394 2261 dicantur
421 2228 600 2260 secundum
625 2228 906 2268 consuetudinem,

179 2282 210 2314 id
235 2287 284 2314 est
318 2281 457 2314 secunda
489 2280 567 2313 seria
597 2290 614 2312 v
640 2285 671 2312 et
694 2291 788 2320 xxxv,
816 2281 908 2313 tertia

180 2333 256 2367 teria
281 2343 344 2366 xLu
369 2338 401 2365 et
433 2342 481 2365 ιη
497 2359 504 2373 ,
532 2335 644 2374 quarta
674 2332 753 2365 seria
777 2343 853 2366 Lx111
878 2339 909 2365 et

179 2396 264 2424 inv,
291 2386 400 2429 quinta
424 2385 503 2418 feria
527 2394 651 2418 Lxxxvu
669 2390 700 2417 et
716 2395 840 2425 mxxix,
863 2396 908 2418 se-

177 2440 230 2470 xta
254 2437 331 2470 seria
361 2447 439 2470 Lxxv
472 2442 503 2469 et
534 2446 609 2477 xm,
639 2437 774 2469 sabbato
804 2443 908 2470 autem

179 2499 271 2529 chu,
297 2495 329 2522 et
352 2490 511 2522 canticum
537 2489 795 2529 Deuteronomii,
822 2491 907 2532 quod

179 2541 339 2574 dividatur
364 2541 393 2574 ia
416 2541 494 2574 duas
527 2541 667 2583 glorias;
694 2552 767 2573 nam
794 2542 908 2574 ceteris

179 2593 292 2625 dicbus
316 2593 474 2626 canticum
499 2593 753 2637 unumquodque
779 2593 829 2626 dic
849 2604 907 2627 suo

282 2654 359 2681 Bull.
376 2654 458 2682 Rom.
471 2669 502 2674 —
522 2654 583 2682 Vol.
601 2654 675 2682 XIX.
836 2655 868 2682 37

31 1344 60 1366 ne
74 1345 171 1367 laudibus

0 1371 27 1393 lie
40 1373 149 1393 dominico.

964 356 1066 385 mana,
1085 346 1226 386 dicatur·‚
1245 351 1318 389 post
1334 346 1414 378 haee
1431 349 1607 387 sequantur
1627 345 1695 377 lau-

964 397 1039 435 des,
1064 398 1182 431 deinde
1211 398 1306 431 lectio
1331 397 1479 440 Apostoli
1505 397 1694 430 memoriter

963 449 1139 488 recitanda,
1167 450 1410 493 responsorium
1433 449 1670 482 ambrosianum
1684 475 1692 488 ‚

962 511 1081 541 versus,
1108 502 1271 534 canticum
1296 501 1335 534 de
1359 501 1540 543 Evangelio,
1558 501 1604 543 (a)
1626 501 1694 534 l'ita-

962 553 1052 593 niae,
1079 558 1110 585 et
1133 554 1329 596 completum
1354 559 1412 586 est.
1440 553 1536 586 Plane
1568 553 1692 595 agenda

961 606 1115 638 matutina
1137 607 1187 639 vel
1217 606 1399 648 vespertina
1434 616 1499 638 non
1528 611 1692 639 transeant

960 657 1154 699 aliquando,
1179 658 1240 690 nisi
1265 658 1297 690 in
1322 658 1435 691 ultimo
1459 668 1517 700 per
1541 658 1690 691 ordinem

959 709 1062 742 oratio
1099 710 1260 743 dominica
1301 710 1449 743 omnibus
1485 710 1691 742 audientibus

959 761 1083 793 dicatur
1113 771 1131 793 a
1160 762 1268 804 priore
1304 767 1436 804 propter
1466 762 1689 794 scandalorum

958 813 1066 855 spinas
1101 823 1182 856 quae
1215 813 1291 846 oriri
1320 815 1447 853 solent,
1473 818 1507 845 ut
1542 814 1689 846 conventi

958 876 1015 908 per
1035 865 1133 909 ipsius
1149 866 1306 899 orationis
1325 865 1543 908 sponsionem,
1564 875 1626 908 qua
1644 866 1690 899 di-

957 922 1032 950 cunt
1054 918 1190 951 Dimitte
1214 918 1305 950 nobis
1326 917 1431 950 debita
1459 922 1577 957 nostra,
1606 918 1690 950 sicut

957 974 984 1002 et
1009 980 1065 1003 nos
1097 970 1295 1003 dimittimus
1329 970 1525 1002 debitoribus
1549 970 1685 1008 nostris,

957 1028 1096 1066 purgent
1119 1034 1153 1056 se
1179 1024 1218 1056 ab
1244 1022 1429 1055 huiusmodi
1455 1021 1546 1062 vitio,
1571 1023 1687 1054 ceteris

957 1086 1032 1109 vero
1058 1076 1202 1119 agendis,
1220 1075 1331 1108 ultima
1352 1085 1424 1118 pars
1446 1075 1513 1107 eius
1531 1075 1686 1108 orationis

956 1128 1088 1168 dicatur,
1102 1134 1136 1160 ut
1150 1127 1189 1159 ab
1203 1127 1351 1160 omnibus
1372 1127 1607 1171 respondeatur
1626 1126 1687 1160 Seii

957 1180 1059 1213 libera
1083 1190 1138 1213 nos
1163 1190 1183 1213 α
1207 1179 1304 1212 mato.

1222 1240 1414 1261 oscmnsrio.

993 1280 1034 1318 (a)
1057 1280 1204 1315 Litanioe,
1236 1283 1259 1308 et
1290 1280 1451 1318 completum
1479 1283 1527 1309 est.
1560 1279 1686 1310 Litanias

953 1328 1158 1366 intelligimus:
1189 1328 1272 1365 Ii'yrie
1293 1328 1410 1365 eleison,
1437 1327 1543 1357 Christe
1566 1327 1684 1362 eleison,

952 1376 1035 1414 Kyrie
1055 1376 1172 1413 eleison,
1197 1376 1279 1405 Pater
1306 1379 1409 1409 nostem
1443 1376 1533 1412 itaut,
1557 1384 1685 1414 pronun-

952 1425 1027 1454 ciato
1049 1433 1131 1454 versu
1161 1424 1195 1453 Et
1216 1433 1248 1453 ne
1271 1433 1333 1461 nos,
1357 1427 1418 1461 etin,
1444 1428 1471 1452 et
1494 1423 1625 1452 Dominus
1644 1434 1683 1452 vo-

951 1473 1063 1508 biscum,
1087 1472 1250 1502 immediate
1271 1475 1409 1510 sequatur
1431 1471 1533 1507 oratio,
1557 1475 1688 1510 praeter»

951 1530 1036 1559 quam
1061 1521 1096 1550 ad
1127 1520 1250 1559 primam
1280 1523 1308 1549 et
1339 1520 1373 1548 ad
1403 1519 1633 1557 completorium,
1656 1523 1685 1548 et

951 1573 1069 1607 excepto
1092 1568 1186 1598 triduo
1214 1572 1279 1597 ante
1308 1567 1415 1597 Pascha
1432 1591 1439 1604 ,
1469 1576 1526 1605 quo
1555 1571 1683 1605 tempore

952 1617 1106 1647 recitamus
1128 1617 1213 1646 horas
1242 1616 1395 1645 canonicas
1423 1614 1458 1644 ab
1480 1615 1605 1644 Ecclesia
1628 1615 1684 1644 Ro-

951 1667 1034 1695 mana
1047 1665 1251 1704 praescriptas,
1266 1668 1350 1702 prout
1366 1663 1394 1692 in
1410 1662 1554 1692 breviario
1570 1666 1681 1692 nostro.

951 1714 982 1742 In
1005 1713 1123 1752 reliquis
1147 1721 1215 1742 vero
1237 1712 1373 1741 inviolate
1402 1710 1436 1740 ab
1465 1710 1600 1740 omnibus
1623 1720 1683 1740 ser-

952 1766 1054 1791 ventur
1082 1760 1214 1790 rubricae
1246 1759 1403 1796 breviarii,
1435 1758 1560 1787 missalis
1591 1758 1683 1787 nostri

952 1809 1112 1846 monastici,
1135 1807 1215 1838 Pauli
1233 1807 1252 1837 V
1269 1807 1440 1837 auctoritate
1456 1806 1680 1844 recognitorum,

951 1862 1007 1887 tam
1030 1857 1058 1886 in
1081 1857 1249 1886 recitatione
1267 1855 1357 1885 divini
1372 1854 1471 1891 officii,
1488 1863 1574 1893 quam
1590 1854 1619 1882 in
1636 1862 1668 1883 ce

950 1905 1158 1935 lebrationibus
1174 1904 1339 1939 missarum,
1358 1903 1429 1932 nihil
1447 1901 1561 1941 penitus
1577 1902 1683 1931 adden-

950 1954 985 1983 do
1008 1953 1050 1982 vel
1073 1952 1247 1982 innovando.

987 2001 1086 2030 CAPUT
1109 1999 1179 2029 xlv.
1202 2016 1241 2021 —
1264 1999 1294 2028 lu
1317 1998 1451 2027 natalitiis
1472 1997 1646 2032 Sanctorum,

1119 2048 1236 2086 qualiter
1260 2047 1367 2084 viqiliae
1389 2050 1514 2084 agantur.

994 2098 1040 2139 (a)
1067 2096 1098 2128 ln
1123 2096 1314 2128 Sanctorum
1338 2104 1413 2126 vero
1442 2093 1681 2131 festivitatil)us‚
1707 2100 1875 2147 ΠΗἻΜιιι-ιιιιιιῑι-Ι

950 2149 997 2181 vel
1022 2148 1168 2181 omnibus
1193 2146 1464 2185 solemnitatibus
1490 2146 1572 2178 sic-ut
1603 2134 1802 2181 dixi-8123&
1817 2134 1874 2174 „¹¹52-

949 2211 1019 2233 mus
1045 2199 1205 2233 dominico
1232 2199 1283 2231 die
1308 2198 1481 2240 agendum,
1499 2197 1542 2230 ita
1559 2202 1681 2239 agatur,
1693 2186 1778 2200 ''num''

950 2258 1084 2295 excepto
1110 2252 1195 2295 quod
1220 2250 1355 2294 psalmi,
1384 2254 1439 2282 aut
1464 2249 1680 2292 antiphonae,

950 2306 999 2338 vel
1024 2305 1181 2337 lectiones
1206 2304 1244 2336 ad
1271 2303 1377 2346 ipsum
1406 2301 1491 2335 diem
1516 2302 1684 2344 pertinen-

951 2363 996 2390 tes
1021 2357 1179 2390 dicantur.
1206 2355 1316 2388 Modus
1352 2359 1457 2387 autem
1482 2354 1684 2397 supradictus

950 2414 1108 2443 teneatur.

1218 2460 1411 2481 DECLARATIO.

990 2503 1031 2540 (a)
1055 2511 1073 2531 1.
1098 2502 1129 2530 In
1145 2500 1305 2531 Sanctorum
1320 2510 1380 2530 vero
1395 2500 1596 2539 festivitatibus.
1620 2500 1685 2530 Ser-

950 2555 1033 2580 vetur
1065 2549 1212 2578 decretum
1245 2557 1344 2578 sacrae
1366 2548 1608 2586 Congregatiouis
1635 2549 1685 2577 Ri-

951 2603 1046 2636 tuum,
1061 2597 1169 2627 editum
1196 2597 1243 2627 die
1264 2605 1351 2628 xxvui
1377 2596 1503 2628 octobris
1522 2604 1682 2626 uncxxvm.
