2111 3157
0 221 46 249 An.
61 220 90 249 C.
112 218 182 249 ¹680

21 2586 129 2609 Ordinante
142 2587 182 2609 duo

181 273 298 309 propter
329 273 542 302 communionem
581 276 721 308 sanctam,
758 273 919 303 ostenditur

188 319 263 356 quod
288 320 416 358 quolibet
438 321 581 351 dominico
602 322 649 351 die
672 322 776 351 fratres
791 330 919 351 commu-

187 366 335 398 nicabant.
368 369 434 399 ldeo
466 370 635 399 mandamus
661 369 737 408 quod
765 373 824 399 tam
854 379 920 398 san-

188 419 266 444 ctum
281 420 309 445 et
330 416 480 455 antiquum
502 417 651 455 religionis
669 417 835 446 institutum
859 425 919 445 ser-

188 467 272 492 vetur
292 464 322 493 in
337 464 457 502 singulis
475 469 591 494 nostrae
606 464 841 502 Congregationis
859 473 918 492 mo-

188 512 337 549 rasteriis,
362 512 417 541 nisi
433 512 505 542 sorte
521 512 556 541 ob
579 513 772 542 reverentiam
794 511 918 541 alicuius

187 560 251 588 festi
265 560 402 589 solemnis
419 560 568 589 differatur
583 565 632 589 aut
649 560 850 599 praemittatur
865 560 918 588 hu-

188 607 311 637 iusmodi
333 608 508 637 communio.

226 664 264 685 lv.
287 655 356 685 Cum
378 660 473 685 autem
489 656 663 692 sacerdotes,
678 656 726 694 qui
744 661 860 695 propter
875 656 917 685 in-

188 702 365 740 firmitatem,
382 708 430 733 aut
445 704 475 733 in
493 704 539 733 die
552 704 715 733 Dominicae
728 704 852 742 Coenae,
869 707 918 732 aut

188 759 222 780 ex
235 750 331 789 aliqu-51
343 753 442 790 causa,
456 761 513 782 non
529 752 689 787 celebrant,
704 753 918 782 communicare

187 799 353 837 contigerit,
363 800 441 830 iuxta
454 801 601 830 decretum
612 806 778 830 sanctorum
791 805 916 840 patrum,

187 848 290 877 stolam
312 857 426 888 semper
448 858 534 888 super
557 850 692 879 humeros
714 848 855 887 habeant,
880 849 918 878 si-

187 901 235 927 cut
257 897 371 936 quando
393 898 551 927 celebrant.

225 953 253 973 v.
277 944 339 974 Fiat
354 949 450 975 tamen
466 946 541 975 dicta
555 946 721 976 commuuio
739 946 835 975 statim
854 948 917 984 post

187 993 419 1022 communionem
451 993 609 1023 sacerdotis
623 1016 631 1030 ,
655 999 682 1023 et
704 997 917 1023 sacramentum

186 1049 238 1079 per
259 1041 410 1070 sacristam
437 1041 573 1071 decenter
606 1051 671 1071 cum
703 1040 915 1077 luminaribus,

186 1088 275 1118 missa
297 1091 424 1128 peracta,
446 1090 476 1119 in
498 1091 592 1120 locum
614 1099 698 1120 suum
721 1093 893 1129 reportetur.

225 1145 264 1166 Vl.
288 1137 445 1167 Hortamur
467 1143 563 1168 autem
591 1139 734 1177 praelatos
757 1142 788 1167 ut
815 1138 917 1166 saltem

186 1184 231 1214 bis
251 1185 279 1215 in
303 1195 379 1215 anuo
401 1186 514 1216 clericis
543 1191 570 1216 et
593 1186 755 1216 commissis
784 1185 918 1215 omnibus

185 1233 349 1263 facultatem
371 1235 541 1270 concedant,
565 1239 594 1263 ut
619 1235 664 1264 cui
681 1234 805 1263 maxime
822 1234 919 1263 volue-

185 1281 245 1310 riut
266 1290 300 1311 ex
319 1282 484 1320 approbatis
504 1282 538 1311 ad
561 1282 783 1319 consessionem,
807 1281 918 1321 possint

186 1338 235 1358 sua
261 1334 375 1368 peccata
398 1330 541 1359 confiteri.

225 1377 279 1415 (d)
302 1386 350 1407 vn.
373 1377 449 1407 Petat
464 1378 495 1407 ab
511 1378 632 1406 omnibus
648 1387 699 1416 pro
713 1388 740 1407 se
755 1379 840 1406 orari.
857 1376 917 1407 Stet

184 1425 215 1454 in
238 1425 331 1455 medio
353 1425 433 1455 chori
461 1425 507 1455 die
538 1425 685 1455 dominica
717 1430 779 1465 post
806 1430 916 1455 sextam

185 1472 310 1511 genibus
334 1474 416 1503 ssexis
450 1483 550 1503 versus
583 1474 693 1510 altare,
725 1479 752 1504 et
775 1479 819 1504 ter
840 1474 917 1503 dicto

185 1531 282 1559 versu,
305 1522 429 1559 Domine,
454 1522 525 1552 labia
547 1532 605 1551 mea
627 1524 744 1562 aperies,
762 1527 830 1557 etc„
854 1526 882 1551 et
903 1531 917 1550 a

185 1570 274 1600 choro
302 1575 345 1600 ter
373 1571 518 1610 repetit0,
541 1572 672 1611 superior
701 1572 777 1601 dicat
807 1570 918 1601 Salmm

185 1621 240 1658 fac,
263 1623 332 1657 ete„
356 1624 384 1649 et
406 1624 575 1649 consuetam
602 1620 762 1649 orationem
777 1643 784 1656 ,
808 1619 918 1648 tenoris

186 1667 321 1698 videlicet
342 1669 508 1706 sequentis:
527 1669 620 1706 Aufer
637 1668 669 1697 ab
686 1669 732 1697 hoc
744 1668 848 1706 sctrnulo
863 1671 916 1701 tuo,

186 1725 357 1754 quaesumus,
374 1716 498 1752 Domine,
514 1717 643 1754 spiritum
658 1716 783 1744 elationis
804 1719 829 1744 et
846 1716 920 1753 tyno-

185 1765 302 1797 rantiae,
319 1768 356 1798 ul,
371 1764 490 1802 repletus
501 1765 602 1802 spiritu
615 1764 779 1793 humilitatis
794 1768 818 1792 e!
833 1765 919 1793 seien-

185 1812 250 1846 tt'ae,
280 1811 448 1840 intellectum
478 1820 572 1840 sacrae
594 1813 687 1850 captat
709 1811 842 1840 lectionis.
867 1811 919 1840 Per

188 1858 327 1888 Christum
349 1860 487 1888 donzinum
510 1863 642 1887 nostrum.

225 1906 280 1945 (e)
304 1915 363 1936 V111.
382 1907 556 1944 Inyrediatur
573 1908 607 1936 ad
623 1907 773 1944 leyendum.
790 1907 857 1936 Post
872 1906 919 1936 be-

186 1954 382 1984 nedictionem
404 1954 493 1984 lector
514 1964 573 1984 non
591 1955 723 1994 incipiat,
741 1955 797 1984 uisi
813 1955 918 1984 fratres

187 2003 269 2042 prius
290 2003 419 2033 sederint
440 2003 476 2033 ad
492 2013 632 2033 mensam.
652 2004 738 2033 Lecta
755 2013 823 2033 vero
839 2003 918 2033 brevi

187 2051 330 2090 particula
351 2051 485 2081 lectionis
501 2074 508 2087 ,
531 2051 662 2090 superior
685 2051 770 2081 saciat
791 2052 916 2090 signum,

187 2103 252 2138 post
274 2099 349 2138 quod
366 2099 469 2129 fratres
485 2100 625 2139 incipiant
641 2100 799 2129 comedere.
814 2101 847 2130 Et
866 2101 918 2130 hoc

188 2152 219 2177 ut
231 2147 337 2182 anima,
351 2148 518 2187 priusquam
531 2158 647 2187 corpus,
662 2148 826 2178 reficiatur:
846 2154 873 2178 et
890 2149 918 2179 in

188 2195 244 2225 fine
267 2205 383 2225 mensae
405 2206 490 2226 nemo
513 2201 622 2234 surgat,
641 2197 695 2226 nisi
719 2197 798 2236 prius
820 2207 919 2227 omnes

187 2244 390 2283 responderint
412 2244 465 2274 Deo
481 2246 593 2282 prusias.

227 2292 285 2331 (f)
306 2301 346 2321 xx.
373 2292 508 2322 Vicissim.
532 2293 588 2322 llac
616 2293 814 2323 vicissitudine
838 2295 922 2324 intel-

189 2339 298 2377 ligitur,
316 2340 390 2379 quod
412 2340 517 2377 singuli
533 2350 582 2379 per
597 2341 726 2370 ordinem
743 2352 756 2370 a
773 2343 921 2381 superiore

190 2388 357 2418 nominandi
381 2398 431 2427 per
452 2389 580 2426 singulas
599 2389 791 2419 hebdomadas
812 2391 919 2428 legant.

231 2436 285 2475 (9)
307 2445 335 2466 x.
360 2437 489 2466 Mixlum.
506 2437 643 2467 Servetur
661 2438 736 2476 quod
752 2438 861 2468 dictum
879 2443 921 2468 est

192 2484 226 2513 de
247 2485 462 2523 septimanariis
484 2486 635 2524 coquinae.

231 2536 326 2565 CAPUT
348 2537 466 2566 xxxlx.
487 2554 521 2558 —
541 2539 584 2566 De
607 2541 733 2567 men-sard
754 2538 883 2568 ciborum.

238 2585 284 2626 (a)
305 2585 455 2618 Sulticere
477 2585 637 2618 credimus
656 2586 695 2618 ad
712 2587 921 2620 resectionem

784 224 997 250 INNOCENTIUS
1018 228 1050 252 x¹
1074 228 1124 252 PP.
1586 220 1651 254 309
1697 231 1745 256 An.
1762 231 1790 258 c.
1814 231 1883 259 1080

961 276 1194 318 quotidianam,
1217 281 1279 309 tam
1311 281 1429 317 sextae,
1454 288 1547 321 quarn
1572 288 1884 317 nonaaefflnmnnmrffi.

1702 325 1733 341 cta
1751 323 1838 342 olvwnm
1845 339 1849 345 ,
1865 326 1884 341 et

961 328 1112 360 omnibus
1136 329 1316 369 mensibus,
1342 335 1432 362 cocta
1456 330 1519 362 duo
1544 331 1808 372 pulmen-.,.1.ffi..„„
1825 355 1885 374 „dms

960 380 1040 412 taria
1072 386 1203 423 propter
1237 382 1438 414 diversorum
1471 375 1884 426 infirmitates,'v'ssssff'fissssffiss'ss'sssssjssgs

960 437 996 463 ut
1019 432 1102 465 sorte
1128 434 1182 475 qui
1207 444 1243 466 ex
1267 445 1332 467 uno
1349 445 1415 467 non
1439 435 1557 477 poterit
1582 435 1690 474 edere,
1702 428 1750 447 ‘¹⁰¹¹'
1766 433 1846 448 ΜΝ*

961 494 997 516 ex
1015 485 1077 517 alio
1098 485 1271 518 reficiatur.
1291 487 1375 528 Ergo
1394 487 1457 519 duo
1477 488 1693 529 pulmentaria

961 542 1049 568 cocta
1073 537 1225 570 fratribus
1257 538 1434 578 sufficiant;
1460 545 1491 571 et
1522 540 1548 571 si
1574 539 1693 572 suerint

960 589 1035 621 inde
1060 599 1167 631 poma,
1201 596 1254 622 aut
1278 592 1442 623 nascentia
1467 592 1666 633 leguminum
1682 618 1690 631 ‚

960 641 1096 674 addatur
1117 647 1148 674 et
1173 642 1319 681 tertium;
1340 643 1385 684 (b)
1410 644 1501 686 panis
1526 644 1608 676 libra
1628 655 1692 676 una

960 703 1124 735 propensa
1148 694 1282 726 sufficiat
1308 695 1339 726 in
1365 695 1436 733 die,
1463 696 1528 728 sive
1554 707 1617 728 una
1652 697 1692 729 sit

960 746 1112 787 resectio,
1139 746 1204 779 sive
1234 747 1361 789 prandii
1387 753 1418 779 et
1441 758 1573 780 coenae.
1601 748 1691 786 Quod

961 799 984 830 si
1011 798 1176 831 coenaturi
1195 804 1280 837 suut,
1301 800 1339 832 de
1365 800 1477 832 eadem
1504 801 1604 839 libra,
1630 806 1692 833 ter-

962 851 1003 883 tia
1020 861 1093 893 pars
1111 861 1127 883 a
1144 851 1312 884 cellerario
1330 857 1514 884 reservetur
1528 852 1693 885 reddenda

960 904 1154 936 coenaturis.
1181 903 1270 941 Quod
1304 904 1330 935 si
1362 905 1455 936 labor
1479 904 1560 937 sorte
1594 905 1693 937 sactus

962 955 1055 988 suerit
1078 956 1190 996 maior,
1210 956 1242 988 in
1260 956 1393 990 arbitrio
1413 962 1444 988 et
1461 962 1619 999 potestate
1638 957 1693 989 ab·

961 1008 1042 1041 batis
1068 1009 1148 1048 erit,
1180 1009 1206 1041 si
1232 1009 1392 1052 expediat,
1417 1009 1537 1052 aliquid
1562 1020 1690 1051 augere,

961 1063 1081 1094 remota
1106 1072 1181 1104 prae
1206 1062 1354 1094 omnibus
1379 1063 1523 1105 crapula,
1552 1068 1588 1094 ut
1612 1073 1692 1094 uuu-

961 1124 1054 1155 quam
1072 1113 1223 1156 surripiat
1242 1114 1473 1146 monachorum
1498 1114 1691 1156 indigeries,

961 1166 1036 1208 quia
1059 1166 1140 1198 nihil
1158 1166 1202 1198 sic
1219 1167 1413 1198 contrarium
1435 1172 1484 1199 est
1500 1167 1586 1199 omni
1607 1167 1694 1199 chri-

961 1218 1075 1256 stiano,
1093 1219 1252 1259 quomodo
1270 1219 1412 1261 crapula,
1431 1219 1512 1251 sicut
1529 1219 1572 1251 ait
1588 1219 1694 1251 Domi-

961 1280 1018 1302 nus
1043 1275 1171 1302 noster:
1204 1270 1310 1302 Videte
1338 1281 1377 1302 ne
1400 1275 1574 1313 yrurenlur
1598 1271 1694 1303 corda

959 1327 1063 1355 vestra
1096 1323 1131 1355 in
1166 1323 1298 1365 crapulri
1333 1328 1362 1355 et
1397 1324 1556 1356 ebrietate.
1582 1324 1693 1356 Pueris

959 1385 1033 1407 vero
1059 1375 1176 1407 minori
1202 1381 1304 1408 aetate
1323 1386 1388 1408 nou
1410 1376 1522 1408 eadem
1547 1381 1693 1408 servetur

960 1427 1131 1470 quantitas,
1164 1428 1220 1460 sed
1246 1428 1352 1460 minor
1377 1439 1472 1471 quam
1496 1428 1691 1467 maioribus,

959 1482 1081 1512 servata
1114 1479 1146 1512 in
1171 1480 1320 1512 omnibus
1354 1480 1518 1523 parcitate.
1543 1480 1693 1513 Carnium

960 1542 1033 1564 vero
1052 1532 1093 1573 (c)
1112 1532 1360 1574 quadrupedum
1384 1533 1423 1564 ab
1449 1532 1600 1565 omnibus
1623 1533 1694 1565 abs-

960 1584 1100 1616 tineatur
1124 1584 1298 1625 comestio,
1326 1590 1456 1628 praeter
1481 1585 1614 1618 omniuo
1640 1586 1695 1618 de-

961 1637 1041 1669 biles
1067 1642 1098 1669 et
1123 1642 1284 1680 aegrotos.

1228 1714 1421 1736 DECLARATIO.

1000 1760 1053 1798 (a)
1077 1769 1095 1789 1.
1119 1760 1252 1799 Snfficere
1274 1761 1418 1790 eredimus
1441 1760 1559 1796 Quando
1582 1761 1611 1791 in
1635 1771 1695 1791 mo-

960 1809 1085 1838 nasterio
1107 1808 1249 1839 ieiunium
1267 1813 1411 1845 servatur,
1429 1810 1592 1847 assignetur
1608 1810 1694 1839 eden-

961 1856 1038 1885 tibus
1068 1856 1096 1885 in
1127 1857 1279 1886 refectorio
1302 1866 1376 1896 quae
1409 1857 1494 1887 dehet
1525 1867 1588 1887 esse
1616 1858 1695 1887 circa

961 1904 1110 1934 meridiem
1133 1904 1263 1934 ciborum
1286 1906 1443 1944 quantitas,
1461 1906 1695 1945 quaealiquanto

961 1953 1052 1982 maior
1067 1953 1103 1982 sit
1118 1962 1204 1991 quam
1221 1962 1287 1982 cum
1303 1963 1360 1983 non
1376 1954 1538 1991 ieiunatur,
1555 1954 1582 1984 in
1604 1955 1696 1984 omni-

960 2002 1013 2031 bus
1034 2002 1148 2031 servata
1168 2002 1297 2031 locorum
1313 2006 1341 2032 et
1364 2006 1525 2041 temporum
1541 2008 1696 2033 consuetu-

960 2050 1026 2079 dine
1049 2058 1081 2078 ac
1105 2049 1264 2079 monastica
1286 2049 1452 2080 sobrietate.

1001 2104 1056 2141 (b)
1078 2112 1107 2132 u.
1132 2103 1214 2132 Panis
1237 2102 1307 2132 libra
1329 2113 1394 2133 mia.
1419 2103 1558 2134 Volumus
1576 2114 1697 2135 consue-

962 2152 1091 2181 tudinem
1123 2155 1251 2180 nostram
1273 2151 1402 2188 servari,
1427 2156 1457 2182 ut
1478 2153 1588 2183 scilicet
1610 2162 1697 2192 appo-

962 2204 1046 2229 natur
1069 2200 1161 2239 pauis‚
1186 2205 1326 2239 quantum
1348 2200 1453 2239 cuique
1475 2210 1548 2240 opus
1570 2202 1669 2231 suerit.

1002 2256 1055 2293 (c)
1079 2264 1118 2284 111.
1144 2254 1366 2293 Quadrupednm.
1392 2255 1422 2284 ln
1445 2256 1629 2286 monasteriis
1646 2266 1698 2286 uo-

962 2308 1038 2333 strae
1060 2303 1311 2340 Congregmionis‚
1335 2302 1364 2332 in
1387 2303 1492 2342 quibus
1514 2304 1592 2342 viget
1613 2314 1698 2342 regu-

963 2352 1032 2380 laris
1054 2351 1257 2386 observantia,
1288 2354 1315 2379 et
1337 2351 1518 2390 recipiuntur
1540 2352 1640 2382 novitii
1662 2352 1697 2383 ad

964 2399 1183 2438 probationem,
1214 2407 1316 2428 carnes
1349 2399 1557 2439 cuiuscumque
1589 2401 1697 2440 speciei

963 2447 1080 2476 omnino
1102 2456 1158 2476 non
1183 2447 1371 2476 comedantur
1386 2447 1415 2476 in
1432 2448 1584 2478 refectorio
1599 2449 1698 2479 obser-

964 2496 1095 2529 vantiae3
1120 2495 1275 2525 multorum
1299 2500 1393 2525 tamen
1416 2496 1607 2527 imbecillitati
1630 2507 1698 2527 con-

964 2544 1057 2572 sulere
1072 2543 1209 2579 volentes,
1223 2544 1436 2582 dispensamus,
1453 2549 1484 2574 ut
1499 2545 1529 2574 in
1546 2547 1696 2576 refectorio

965 2592 1185 2629 valetudinarii,
1219 2592 1378 2631 fratribus,
1406 2593 1454 2632 qui
1477 2599 1544 2624 sunt
1573 2594 1607 2624 dc
1629 2604 1697 2625 con-
