2111 3157
3 219 62 246 Aa.
79 217 110 246 C.
132 215 199 244 1687

777 213 852 241 nmo
858 213 991 240 carmus
1011 213 1042 238 XI
1066 213 1117 238 PP·

202 264 302 305 ribus,
326 264 469 306 bidellis‚
493 264 640 306 nunciis,
662 263 841 307 ceterisque
866 263 935 296 offi-

203 318 358 359 cialibus,
383 318 540 351 ministris
565 323 597 351 et
619 317 769 362 personis
804 316 936 360 quibus-

203 381 340 415 cumque
372 381 457 404 nunc
483 376 515 404 et
538 381 597 414 pro
623 375 769 414 tempore
795 369 936 402 existen-

203 423 297 462 tibus,
316 428 352 456 ut
376 423 524 456 omnibus
545 428 576 456 et
592 423 726 465 singulis
751 421 935 465 privilegiis,

203 476 338 510 indultis
354 503 361 516 ,
394 476 596 510 libertatibus
612 503 619 515 ,
656 473 908 509 immunitatibus
926 500 932 513 ,

205 529 474 572 exemptionibus,
500 528 669 569 favoribus,
695 527 816 570 gratiis,
841 536 935 569 prae-

204 582 370 624 rogativis,
396 581 575 615 honoribus
600 586 632 614 et
654 578 934 624 praeeminentiis,

205 635 322 678 quibus
354 636 517 678 praefatae
551 635 681 668 Limana
713 638 744 666 et
774 632 936 665 Mexicana

204 687 384 720 studiorum
410 687 610 730 generalium
632 684 874 724 universitates,
899 684 937 716 il-

205 741 373 783 larumque
398 745 556 780 rectores,
583 738 746 781 magistri,
773 738 936 777 doctores,

205 793 352 832 lectores,
377 797 624 836 praeceptores,
649 791 836 829 scholares,
863 800 937 832 pro-

205 849 376 885 curatores,
394 844 516 885 bidelli‚
541 843 661 883 nuncii,
680 842 847 885 ceterique
874 842 938 875 offi-

205 897 303 931 ciales
318 903 351 931 et
364 897 512 937 ministri,
533 908 569 930 ac
586 906 745 940 personae
771 906 937 939 quaecum-

204 959 266 993 que
290 949 480 993 respective,
501 955 563 982 tam
578 949 617 982 de
634 949 702 981 iure
720 954 752 981 et
767 953 938 981 consuetu-

205 1003 290 1043 dine,
309 1013 404 1046 quam
429 1002 508 1035 alias
526 1001 779 1045 quomodolibet,
793 1006 935 1040 utuntur,

205 1055 364 1096 fruuntur,
381 1055 550 1098 potiuntur
573 1060 603 1088 et
630 1055 780 1098 gaudent,
805 1065 842 1087 ac
866 1054 911 1086 nti
928 1081 935 1094 ‚

206 1109 278 1148 frui,
299 1108 395 1152 potiri
418 1114 449 1141 et
465 1108 605 1151 gaudere
631 1113 767 1151 possunt
791 1113 823 1141 et
845 1113 938 1151 pote-

206 1169 281 1196 runt
305 1163 337 1195 in
363 1163 514 1202 futurum,
545 1172 610 1194 non
634 1162 737 1194 solum
763 1161 802 1194 ad
827 1170 936 1194 eorum

206 1215 317 1255 instar,
338 1215 394 1247 sed
420 1215 515 1247 etiam
542 1225 642 1257 aeque
667 1214 887 1257 principaliter
907 1218 939 1246 et

207 1267 436 1312 parisormiter,
461 1268 494 1300 in
520 1268 668 1300 omnibus
694 1273 726 1301 et
749 1277 808 1310 per
830 1267 939 1300 omnia

205 1322 265 1361 uti,
291 1322 361 1362 srui,
389 1321 486 1365 potiri
512 1326 544 1354 et
568 1321 725 1364 gaudere;
751 1320 869 1353 rectori
891 1331 939 1353 au-

206 1379 273 1407 tem
297 1373 399 1418 ipsius
417 1383 517 1406 novae
533 1373 751 1406 universitatis
777 1383 835 1416 pro
861 1377 940 1405 tem-

206 1437 287 1470 pore
312 1426 472 1466 existenti,
497 1431 533 1458 ut
556 1426 640 1466 illos,
666 1436 745 1469 quos
769 1425 802 1458 in
827 1425 938 1457 eadem

207 1479 416 1512 universitate
446 1489 507 1523 per
537 1479 682 1512 debitum
717 1484 843 1521 tempus
877 1483 941 1509 stu-

208 1532 332 1574 duisse,
358 1542 394 1565 ac
418 1532 556 1565 scientia
581 1537 613 1565 et
636 1531 781 1564 moribus
805 1531 940 1563 idoneos

209 1595 281 1619 esse
305 1585 473 1629 repererit,
498 1585 530 1617 in
555 1585 705 1628 praefatis
737 1583 940 1617 facultatibus

209 1639 273 1672 sive
298 1638 452 1678 scientiis,
478 1648 560 1681 quae
584 1638 616 1670 in
640 1638 710 1681 ipsa
735 1637 941 1670 universitate

210 1691 414 1726 docebuntur
437 1701 492 1724 seu
517 1691 684 1733 legentur,
712 1690 759 1731 ad,
776 1691 943 1723 baccalau-

208 1749 327 1785 reatus,
346 1744 441 1778 etiam
468 1744 608 1784 formati,
637 1743 880 1783 licentiaturae,
907 1753 942 1775 ac

210 1798 394 1831 doctoratus
419 1802 451 1829 et
474 1796 648 1839 magisterii
675 1796 801 1839 gradus,
820 1797 943 1828 servata

210 1857 318 1884 tamen
342 1851 376 1883 in
401 1850 551 1883 omnibus
577 1854 608 1883 et
631 1859 691 1893 per
715 1849 821 1881 omnia
841 1850 943 1882 forma

211 1904 417 1937 decretorum
430 1903 623 1936 Viennensis
637 1907 667 1935 et
681 1902 858 1934 Tridentini
873 1912 943 1934 con-

211 1956 369 1995 ciliorum,
387 1955 504 1999 quibus
528 1955 561 1987 in
578 1954 685 1997 aliquo
704 1954 862 1997 derogare
879 1963 942 1986 non

194 2009 417 2048 ·intendimus‚
436 2013 469 2041 et
488 2004 564 2041 alias
582 2007 668 2040 iuxta
693 2007 872 2040 laudabiles
892 2017 944 2039 su-

212 2063 432 2106 pradictarum
456 2061 606 2093 Limanae
623 2065 654 2093 et
671 2060 851 2093 alexicanae
875 2060 945 2092 uni-

213 2114 400 2148 versitatum
431 2113 512 2146 ritus
541 2118 572 2146 et
594 2112 856 2152 consuetudines,
872 2123 944 2155 pro-

212 2177 352 2207 movere,
373 2167 551 2209 solitosque
568 2165 685 2208 gradus
703 2165 882 2199 huiusmodi
900 2165 944 2198 eis

213 2215 359 2255 conferre
377 2225 409 2254 et
433 2220 607 2259 exhibere;
627 2219 705 2262 ipsis
723 2230 800 2252 vero
818 2219 856 2252 ad
874 2229 946 2252 eos-

214 2274 286 2307 dem
311 2273 431 2316 gradus
454 2283 513 2316 per
537 2272 629 2305 illum
653 2271 698 2304 sic
724 2272 888 2315 promotis,
911 2277 946 2304 ut

212 2318 325 2371 postea
338 2325 466 2370 publice
484 2325 707 2368 privatimque,
721 2325 816 2357 etiam
831 2325 862 2357 in
876 2325 945 2358 aliis

214 2379 478 2413 universitatibus
514 2377 690 2410 studiorum
723 2378 943 2419 generalium,

214 2430 381 2465 facultates
393 2431 459 2464 sive
478 2430 626 2463 scientias
641 2431 823 2473 praedictas
837 2440 947 2474 respe-

215 2484 295 2517 ctive
313 2484 394 2517 alios
412 2484 529 2516 docere
555 2488 587 2515 et
608 2482 823 2525 interpretari,
842 2483 880 2516 de
900 2483 945 2515 eis

215 2537 392 2580 disputare,
410 2535 528 2569 aliosve
547 2540 635 2568 actus
654 2545 873 2579 quoscumque
892 2546 946 2568 eo-

215 2600 285 2627 rum
309 2588 460 2633 gradibus
485 2589 713 2622 convenientes
739 2598 886 2622 exercerc
913 2589 946 2622 li-

976 261 1054 295 bere
1075 266 1108 295 et
1130 260 1217 294 licite
1240 258 1365 304 possint
1389 262 1420 293 et
1442 257 1571 292 valeant
1594 268 1707 301 respe-

976 315 1074 355 ctive,
1097 313 1289 347 auctoritate
1314 318 1345 346 et.
1374 318 1485 345 tenore
1515 310 1706 356 praedictis,

976 367 1181 400 concedimus
1207 372 1238 399 et
1261 366 1477 408 indulgemus.

1019 421 1034 463 ξ
1058 420 1089 453 3.
1115 420 1332 453 Decernentes
1363 419 1494 452 easdem
1522 423 1709 462 praesentes
1749 427 1868 452 cumane.

976 474 1101 506 litteras
1127 478 1157 506 et
1182 472 1214 505 in
1241 472 1286 505 eis
1311 478 1463 505 contenta
1480 481 1710 515 quaecumque,

977 526 1073 558 etiam
1096 536 1132 558 ex·
1159 536 1197 558 eo
1218 525 1305 568 quod
1331 525 1524 568 quicumque
1555 525 1588 557 in
1620 536 1713 568 prae-

977 579 1085 611 missis
1110 578 1264 611 interesse
1289 577 1447 611 habentes
1465 589 1520 610 sen
1539 578 1715 621 quomodo-

977 631 1057 664 libet
1081 632 1332 674 praetendentes
1356 630 1418 663 illis
1443 642 1508 664 non
1534 642 1716 665 consense-

977 684 1051 722 rint,
1076 694 1136 717 nec
1156 684 1196 716 ad
1222 694 1259 716 ea
1283 684 1399 723 vocati,
1426 684 1512 716 citati
1539 690 1570 716 et
1594 684 1713 725 auditi,

977 746 1084 778 neque
1114 746 1239 774 causae,
1254 741 1388 779 propter
1422 747 1500 779 quas
1525 744 1716 779 praesentes

978 789 1167 829 emanarint,
1194 788 1390 821 sufficienter
1414 789 1587 830 adductae,
1613 789 1717 823 verisi-

978 846 1068 874 eatae
1093 848 1125 874 et
1148 841 1337 874 iustificatae
1364 842 1492 881 suerint,
1520 848 1573 874 aut
1599 853 1636 875 ex
1655 843 1718 875 ati-a

979 894 1135 938 qualibet,
1163 894 1259 927 etiam
1287 894 1433 934 iuridimt,
1458 894 1510 936 pia
1535 900 1567 926 et
1587 895 1718 936 privile-

979 948 1062 990 giata
1086 949 1199 987 causa,
1227 948 1347 988 colore,
1362 952 1528 989 praetextu
1549 952 1581 979 et
1602 947 1717 990 capite,

979 1001 1073 1033 etiam
1100 1001 1130 1032 in
1152 1011 1289 1044 corpore
1308 1000 1387 1032 iuris
1409 1001 1530 1041 clauso,
1556 1001 1646 1033 nullo
1664 1011 1721 1032 un-

979 1065 1074 1098 quam
1093 1060 1240 1096 teinpore
1259 1054 1299 1086 de
1317 1053 1533 1096 subreptionis
1550 1055 1600 1087 vel
1625 1054 1720 1086 obre-

979 1108 1100 1151 ptionis
1124 1112 1176 1140 aut
1203 1107 1360 1139 nullitatis
1377 1107 1467 1144 vitio.
1488 1117 1543 1139 seu
1568 1107 1722 1140 intentio-

980 1162 1028 1193 nis
1062 1166 1192 1194 nostrae
1230 1166 1284 1193 aut
1324 1161 1486 1193 interesse
1531 1161 1721 1193 habentium

979 1225 1165 1255 consensus,
1192 1215 1295 1247 aliove
1326 1214 1468 1257 quolibet
1503 1215 1598 1247 etiam
1620 1224 1722 1257 quan-

981 1268 1097 1300 tumvis
1130 1267 1252 1299 formali
1286 1272 1316 1299 et
1349 1267 1555 1299 substantiali
1592 1267 1722 1299 defectu

980 1320 1103 1359 notari,
1130 1319 1337 1362 impugnari,
1363 1319 1550 1359 retractari,
1576 1319 1721 1361 infringi,

981 1374 1013 1406 in
1040 1373 1195 1406 terminos
1218 1372 1297 1404 iuris
1317 1372 1439 1410 reduci,
1459 1383 1514 1405 seu
1534 1372 1565 1404 in
1590 1378 1722 1405 contro*-

981 1426 1117 1458 versiam
1140 1424 1255 1464 voearI,
1271 1429 1325 1456 aut
1349 1425 1504 1457 adversus
1522 1424 1593 1457 illas
1618 1424 1723 1467 aperi-

983 1479 1081 1511 tionis
1115 1479 1195 1517 oris,
1222 1477 1437 1510 restitutionis
1474 1477 1506 1509 in
1537 1477 1721 1520 integrum,

983 1532 1110 1565 aliudve
1135 1530 1365 1574 quodcumque
1390 1530 1477 1570 iuris,
1494 1530 1566 1562 sacti
1585 1531 1633 1563 vel
1655 1541 1726 1571 gra-

985 1584 1046 1616 tiae
1071 1583 1251 1616 remedium
1276 1582 1444 1625 impetrari
1476 1584 1527 1615 vel
1559 1583 1722 1624 intentari,

984 1648 1039 1670 seu
1066 1638 1240 1680 impetrato
1266 1641 1319 1669 aut
1345 1635 1439 1668 etiam
1473 1641 1562 1669 motu
1589 1636 1723 1679 proprio

984 1695 1015 1722 et
1039 1690 1077 1722 de
1101 1689 1297 1732 apostolicae
1326 1688 1497 1732 potestatis
1521 1689 1725 1731 plenitudine

985 1752 1141 1775 concesso
1166 1743 1215 1774 vel
1242 1746 1390 1774 emanato
1420 1742 1604 1784 quempiam
1622 1742 1655 1773 in
1676 1742 1725 1773 iu-

985 1796 1070 1828 dicio
1096 1796 1144 1828 vel
1171 1800 1260 1827 extra
1286 1794 1365 1827 illud
1390 1794 1435 1826 nti
1467 1805 1523 1827 seu
1555 1804 1588 1826 se
1614 1794 1724 1827 iuvare

984 1849 1051 1881 ullo
1076 1848 1173 1881 modo
1199 1857 1316 1890 posse,
1345 1847 1399 1880 sed
1425 1847 1513 1890 ipsas
1537 1852 1725 1890 praesentes

985 1903 1109 1935 litteras
1135 1913 1263 1945 semper
1293 1901 1416 1941 firmas,
1440 1901 1562 1934 validas
1594 1906 1626 1934 et
1658 1902 1725 1934 esti-

985 1966 1077 1988 caces
1094 1955 1231 1988 existere
1251 1960 1283 1987 et
1300 1955 1382 1994 sore,
1402 1964 1543 1997 suosque
1562 1955 1725 1997 plenarios

986 2013 1017 2041 et
1048 2008 1192 2050 integros
1214 2007 1346 2040 effeetus
1370 2007 1478 2039 sortiri
1503 2013 1534 2040 et
1559 2007 1725 2047 obtinere,

987 2072 1021 2093 ac
1045 2061 1120 2101 illis,
1146 2061 1183 2093 ad
1206 2071 1287 2104 quos
1308 2065 1434 2104 spectat
1451 2065 1483 2093 et
1502 2071 1560 2103 pro
1580 2065 1725 2104 ternpore

986 2114 1151 2158 spectabit,
1178 2114 1208 2146 in
1229 2113 1379 2147 omnibus
1396 2118 1427 2146 et
1443 2124 1502 2157 per
1526 2114 1634 2146 omnia
1659 2115 1728 2157 ple-

987 2168 1116 2201 nissime
1141 2165 1328 2209 suffragari,
1357 2171 1389 2198 et
1413 2166 1450 2198 ab
1476 2165 1521 2199 eis
1545 2166 1726 2209 respective

988 2220 1221 2254 iuviolabiliter
1246 2219 1433 2259 observari,
1459 2219 1569 2262 sieque
1607 2224 1638 2251 et
1662 2230 1728 2252 nou

988 2273 1082 2306 aliter
1106 2273 1136 2305 in
1156 2272 1342 2316 praemissis
1360 2283 1420 2315 per
1444 2283 1665 2315 quoscumque
1683 2272 1730 2304 iu-

989 2327 1075 2359 dices
1094 2326 1274 2359 ordinarios
1293 2330 1325 2359 et
1339 2326 1517 2367 delegatos,
1543 2325 1639 2358 etiam
1656 2335 1729 2358 cau-

989 2390 1093 2411 sarum
1126 2378 1235 2422 palatii
1271 2378 1442 2421 apostolici
1481 2378 1661 2417 auditores,
1692 2389 1729 2412 ac

988 2431 1019 2464 S.
1038 2431 1075 2464 R.
1095 2430 1130 2463 Ε.
1159 2430 1356 2471 cardinales,
1375 2430 1471 2463 etiam
1498 2431 1537 2464 de
1563 2432 1663 2464 latere
1688 2432 1728 2464 le-

989 2489 1079 2525 gatos
1095 2488 1126 2515 et
1142 2483 1345 2526 Apostolicae
1362 2483 1452 2516 Sedis
1469 2483 1610 2524 nuntios,
1636 2484 1729 2517 alios-

987 2547 1024 2568 ve
1050 2535 1223 2578 quoslibet,
1250 2546 1453 2579 quacumque
1474 2536 1729 2580 praeeminentia

968 2594 1021 2631 ,et
1056 2593 1218 2632 potestate
1264 2588 1436 2632 fungentes
1473 2593 1503 2621 et
1536 2589 1731 2632 suncturosv

1600 200 1659 234 771
1709 209 1761 237 An.
1779 208 1806 237 e.
1830 209 1896 237 ¹687
