2111 3157
65 233 114 260 An.
130 230 158 259 C.
182 230 248 258 ¹683

87 1028 208 1050 clausulae.

111 1716 244 1738 OLstautium

62 1747 158 1764 Γυιιιυῑιι).

832 232 1041 257 INNOCENTIUS
1062 233 1093 257 XI
1118 233 1167 257 1¹1³.

256 279 301 312 eis
327 280 509 321 sententiis,
530 280 674 314 censuris
692 285 724 314 et
741 280 866 324 poenis,
886 292 903 314 a
922 280 990 313 iure

255 333 304 366 vel
341 333 379 366 ab
414 333 557 375 homine,
593 334 701 377 quavis
739 334 908 367 occasione
941 335 989 367 vel

256 388 352 419 causa
376 387 459 427 latis,
480 387 506 419 si
532 387 648 430 quibus
674 387 919 430 quomodolibet
943 386 990 418 in-

256 440 393 473 nodatus
411 439 527 480 existit,
545 440 582 472 ad
602 439 749 473 effectum
770 439 988 483 praesentium

255 493 420 527 dumtaxat
450 494 730 536 consequendum,
756 494 870 525 harum
904 491 987 525 serie

255 546 459 580 absolventes
477 552 509 579 et
525 546 705 579 absolutum
719 546 786 578 stire
804 550 987 584 censentes

255 599 548 642 supplicationibus
574 598 642 632 eius
667 598 794 631 nomine
820 597 914 630 nobis
934 608 987 629 su-

254 661 314 694 per
346 652 407 684 hoe
443 651 608 685 humiliter
643 650 799 693 porrectis
830 650 984 689 inclinati,

254 705 416 737 decretum
441 704 685 747 praeinsertnm‚
705 703 892 736 auctoritate
910 713 981 745 apo-

253 757 374 797 stoliea,
391 762 500 790 tenore
521 756 747 800 praesentium,
769 756 983 799 approbamus

254 815 282 852 et
310 809 547 849 confirmamus,
564 809 677 852 illique
696 808 892 842 inviolabilis
911 819 985 850 apo—

251 862 383 895 stolieae
400 861 559 895 firmitatis
577 862 678 895 robur
697 861 880 901 adiicimus;
899 862 983 893 salva

254 921 360 948 tamen
384 926 513 959 semper
538 916 570 948 in
594 915 777 958 praemissis
795 914 983 947 auctoritate

252 975 448 1002 memoratae
472 968 736 1011 Congregationis
762 968 981 1001 cardinalium.

296 1022 311 1065 g
334 1021 366 1055 3.
392 1021 609 1054 Decernentes
633 1022 763 1054 easdem
796 1025 984 1064 praesentes

253 1075 375 1108 litteras
393 1085 522 1118 semper
543 1074 664 1115 sirmas,
680 1074 801 1107 validas
828 1079 859 1107 et
884 1074 987 1106 et'tiea-

254 1137 306 1161 ces
330 1128 467 1161 existere
493 1133 525 1160 et
549 1127 627 1167 sore,
653 1137 792 1170 suosque
825 1126 986 1169 plenarios

254 1186 285 1213 et
311 1181 453 1223 integros
479 1179 612 1214 enectus
637 1180 744 1213 sortiri
770 1185 801 1212 et
825 1180 985 1219 obtinere,

254 1244 288 1266 ac
313 1233 385 1273 illis,
405 1234 444 1266 ad
462 1244 542 1276 quos
563 1238 684 1276 spectat
708 1238 740 1266 et
757 1243 816 1276 pro
843 1239 987 1275 tempore

254 1287 431 1331 spectabit,
457 1286 689 1319 inviolabiliter
713 1285 902 1325 observari,
930 1284 988 1316 sic-

255 1351 316 1383 que
342 1340 372 1372 in
399 1339 586 1383 praemissis
609 1349 667 1382 per
692 1348 916 1382 quoscumque
943 1337 989 1369 iu-

255 1393 340 1426 dices
366 1391 548 1425 ordinarios
566 1397 597 1424 et
613 1392 788 1434 delegatos,
806 1390 900 1423 etiam
917 1400 989 1423 eau-

255 1455 364 1477 sarum
388 1445 498 1487 palatii
520 1444 690 1487 apostolici
717 1444 892 1484 auditores,
907 1443 989 1475 iudi-

254 1497 318 1530 cari
343 1503 375 1530 et
405 1496 532 1531 definiri
564 1497 706 1536 debere,
739 1507 775 1529 ae
809 1496 932 1529 irritum
958 1502 989 1527 et

255 1551 350 1584 inan-e
368 1550 393 1583 si
411 1561 501 1584 secus
519 1560 616 1593 super
634 1550 672 1583 iis
691 1561 709 1583 a
726 1560 897 1593 quoquam,
917 1560 989 1592 qua-

254 1603 300 1636 vis
326 1604 527 1644 auctoritate,
554 1604 696 1636 scienter
716 1604 764 1636 vel
789 1604 987 1646 ignoranter,

255 1656 428 1699 contigerit
451 1656 615 1689 attentari.

299 1710 369 1752 §4-
398 1709 466 1742 Non
498 1709 701 1742 obstantibus
732 1709 920 1752 praemissis
954 1720 989 1742 ae

256 1760 537 1796 constitutionibus
562 1767 595 1795 et
619 1762 878 1795 ordinationibus
914 1773 990 1805 apo-

254 1815 395 1856 stolicis,
438 1815 621 1858 ceterisque
658 1815 828 1849 contrariis
860 1815 991 1858 quibus-

256 1878 405 1911 cumque.

299 1921 410 1954 Datum
438 1921 569 1961 Romae,
595 1921 681 1964 apud
712 1920 742 1954 S.
770 1920 899 1953 Mariam
931 1920 990 1952 Ma-

255 1974 369 2014 iorem,
405 1974 463 2007 sub
495 1975 615 2006 annulo
641 1973 822 2013 piscatoris,
857 1974 908 2006 die
935 1984 989 2006 xul

255 2027 397 2060 octobris
423 2036 616 2067 MDCLxxxin,
649 2026 856 2070 pontificatus
890 2026 989 2059 nostri

257 2090 342 2113 anno
368 2090 438 2114 rut.

294 2141 350 2169 Dat.
376 2142 406 2169 ¹3
426 2141 546 2169 octobris
570 2141 644 2176 1683,
666 2140 762 2177 pontif.
783 2148 852 2168 anno
872 2147 928 2168 vni.

544 2268 700 2301 CXXXIV.

258 2346 438 2383 Mandalur
460 2358 519 2392 pro
543 2348 702 2390 fratribus
726 2349 831 2381 saneti
849 2348 990 2381 Franci-

305 2403 358 2442 sci,
385 2406 421 2434 ul
445 2402 477 2434 in
505 2401 617 2444 Beryto
641 2406 782 2434 servetur
800 2401 994 2435 Conslilulio

305 2455 476 2490 Clementis
506 2454 589 2487 VIII
610 2454 696 2487 circa
720 2454 909 2487 erectionem
932 2464 991 2487 no-

304 2517 418 2540 vorum
441 2506 667 2541 coenobiorum
691 2507 712 2540 ¹.

315 2578 325 2604 1
348 2578 475 2612 Litterae,
501 2587 569 2614 quae
596 2578 639 2605 liic
664 2578 874 2613 annunciantur,
894 2578 997 2606 scilieet

261 2620 407 2651 Clementis
418 2623 484 2658 vni,
494 2623 627 2651 habentur
639 2623 662 2650 in
675 2623 795 2650 eiusdem
804 2623 894 2651 Const.
904 2630 996 2656 cccxx,

1209 280 1414 322 ,Innocentius
1435 281 1513 315 Papa
1533 281 1583 312 XI,

1176 326 1213 353 ad
1234 326 1366 352 futuram
1386 326 1431 353 rei
1452 325 1631 352 memoriam.

1079 389 1092 431 g
1112 388 1141 421 1.
1162 388 1285 431 Exponi
1306 387 1398 421 nobis
1420 398 1524 431 nuper
1543 387 1619 420 fecit
1637 387 1772 420 dilectus

1035 440 1116 474 filius
1132 441 1300 484 Philippus
1319 441 1481 474 Corselins
1503 441 1600 473 frater
1619 451 1771 483 expresse

1033 493 1195 536 professus
1222 498 1253 526 et
1282 494 1313 525 in
1348 494 1490 526 Romana
1523 493 1615 526 Curia
1646 504 1745 535 agens
1763 518 1770 532 ,

1031 545 1095 577 sive
1126 546 1332 588 negociorum
1370 552 1499 588 gestor,
1527 546 1763 589 provim:iarum

1030 597 1427 641 Germano·Belgiearum
1463 599 1592 632 Ordinis
1631 600 1764 633 fratrum

1030 650 1187 683 Minorum
1213 651 1315 684 sancti
1341 651 1502 684 Francisei
1529 653 1567 684 de
1594 652 1769 685 Observan-

1031 704 1070 735 tia
1096 704 1355 737 Recollectorum
1379 711 1656 748 nuncupatorum,
1684 707 1770 749 quod

1028 756 1134 807 (nur,
1151 757 1235 789 iuxta
1250 758 1325 791 dieti
1340 758 1468 790 Ordinis
1484 763 1610 795 statuta,
1627 769 1688 801 per
1703 759 1771 791 seli·

1027 810 1071 841 eis
1087 810 1322 842 reeordationis
1338 810 1499 843 lsrbauum
1518 811 1575 843 FP.
1593 811 1656 843 tht
1676 821 1770 853 prae-

1028 863 1233 895 decessorem
1250 869 1395 896 nostrum
1416 864 1606 899 confirmata
1627 875 1698 907 cap.
1722 875 1767 897 ιιι,

1028 915 1041 957 ξ
1068 925 1121 949 vm
1149 916 1192 948 De
1217 916 1438 958 aedificiorum
1456 917 1700 955 construetione,
1719 917 1768 949 de-

1028 974 1147 1002 cretum
1173 969 1214 1001 sit
1243 975 1276 1001 ut
1301 970 1449 1012 singulae
1471 970 1661 1013 proviin-iae
1683 970 1769 1002 eirea

1029 1022 1233 1056 incommoda
1253 1023 1318 1055 sive
1338 1023 1454 1055 damna
1480 1023 1539 1055 sibi
1567 1024 1605 1055 de
1630 1023 1768 1056 aliorum

1030 1081 1245 1107 conventuum
1259 1077 1339 1108 nora
1355 1075 1579 1108 aedificatione
1599 1076 1770 1110 imminen-

1032 1128 1072 1160 tia
1089 1128 1238 1161 omnibus
1252 1128 1402 1160 remediis
1417 1129 1608 1171 opportunis
1626 1135 1656 1161 et
1671 1128 1769 1160 licitis

1030 1181 1061 1212 in
1077 1180 1171 1214 Curia
1185 1182 1326 1214 Romana
1341 1192 1412 1214 sese
1428 1182 1622 1219 desendant3
1640 1181 1769 1224 provin-

1031 1234 1096 1266 eiae
1115 1245 1189 1267 vero
1216 1234 1364 1276 Belgicae
1392 1235 1538 1267 eiusdem
1560 1234 1707 1273 Ordinis,
1727 1236 1768 1268 ob

1032 1287 1306 1320 introductionem
1355 1298 1509 1320 novorum
1554 1293 1768 1319 conventuum

1033 1340 1231 1372 diversorum
1249 1339 1422 1379 Ordinum,
1442 1339 1550 1382 patu-is
1569 1340 1606 1371 ab
1626 1340 1701 1371 hine
1715 1351 1770 1372 an-

1034 1393 1081 1424 nis
1100 1392 1237 1435 plurima
1256 1393 1461 1425 inconmoda
1479 1399 1509 1424 et
1527 1393 1634 1433 gravia
1653 1393 1769 1425 damna

1033 1446 1095 1477 sint
1119 1456 1243 1488 passae,
1272 1456 1306 1477 ae
1331 1446 1424 1488 plura
1449 1445 1649 1484 immineant,
1669 1445 1693 1476 si
1720 1446 1770 1477 de-

1034 1509 1095 1531 nuo
1114 1498 1166 1531 ulii
1185 1498 1404 1538 aedificentur,
1427 1504 1461 1530 ut
1482 1498 1617 1531 dirersis
1636 1499 1669 1530 in
1690 1499 1768 1530 locis

1033 1551 1161 1595 plurimi
1194 1556 1363 1590 attentant,
1396 1546 1467 1584 euin
1503 1551 1535 1583 in
1573 1551 1667 1583 tinem
1707 1551 1769 1583 sibi

1034 1605 1115 1644 ruri,
1143 1605 1173 1637 in
1200 1605 1291 1647 pagis
1318 1610 1348 1637 et
1373 1604 1537 1647 oppidulis
1567 1615 1625 1647 per
1650 1605 1771 1636 instau-

1034 1658 1108 1691 tiam
1134 1663 1165 1691 et
1190 1658 1332 1690 savorem
1367 1664 1553 1700 magnatum
1590 1659 1658 1690 loen
1691 1658 1770 1690 deli-

1033 1717 1165 1755 gentes,
1193 1722 1229 1743 ex
1256 1711 1390 1754 quibus,
1416 1717 1526 1754 utpote
1560 1711 1769 1743 vicinioribus

1034 1766 1188 1808 undique,
1208 1765 1271 1797 iam
1297 1765 1515 1797 stabilitornm
1533 1764 1662 1796 Ordinis
1683 1774 1771 1806 prae-

1035 1819 1086 1851 fati
1112 1825 1328 1852 conventuum
1348 1824 1518 1851 consuetas
1538 1820 1768 1861 eleemosynas,

1033 1871 1114 1905 ²soli
1142 1873 1254 1905 fratres
1279 1877 1494 1905 conventuum
1523 1871 1706 1904 huiusmodi
1733 1881 1771 1904 ex

1034 1925 1082 1957 sui
1100 1924 1236 1957 instituti
1257 1925 1362 1966 rigore
1384 1924 1489 1957 vivere
1507 1929 1678 1965 coguntur,
1700 1933 1771 1956 eon·

1034 1978 1177 2020 quirunt,
1194 1983 1224 2010 et
1238 1977 1392 2009 stationes
1410 1977 1577 2015 invadunt,
1595 1977 1634 2008 ita
1654 1982 1685 2008 ut
1704 1977 1771 2018 plu-

1035 2032 1108 2064 rimi
1126 2036 1303 2064 eonveutus
1322 2031 1359 2063 ad
1380 2041 1536 2062 summam
1559 2028 1771 2071 indigentiam

1035 2086 1236 2127 redigantur,
1259 2090 1289 2116 et
1316 2084 1412 2116 modo
1439 2083 1570 2115 infinitis
1596 2093 1771 2126 propemo-

1035 2139 1110 2171 dum
1137 2143 1342 2181 exponantur
1368 2136 1609 2169 distieultatibus
1640 2141 1672 2169 et
1703 2146 1772 2169 ruo-

1036 2190 1138 2224 lestiis
1162 2195 1196 2222 ut
1215 2200 1271 2222 suo
1292 2189 1437 2221 ins‘tituto
1459 2188 1605 2221 insistere
1632 2188 1769 2232 possint)

1035 2244 1103 2286 ipse
1122 2243 1289 2285 Philippus
1308 2241 1457 2284 (provide
1476 2241 1684 2274 considerans
1702 2251 1773 2283 pro-

1036 2302 1107 2340 pter
1127 2295 1305 2339 praemissa
1329 2294 1477 2337 pluribus
1504 2293 1533 2324 iu
1561 2294 1649 2330 loeis.
1681 2293 1773 2326 liabi-

1037 2349 1165 2382 tationis
1191 2348 1401 2391 plurimorum
1431 2346 1660 2388 religiosorum
1685 2356 1774 2388 capa-

1037 2402 1187 2442 cissimis,
1226 2411 1339 2434 eorum
1376 2410 1543 2432 numerum
1584 2399 1774 2432 notabiliter

1037 2494 1102 2518 tom.
1116 2498 1151 2526 xi,
1163 2499 1223 2526 pag.
1236 2491 1284 2523 213
1301 2489 1387 2525 quoad
1403 2492 1512 2522 statuta,
1530 2488 1587 2515 vide
1605 2488 1702 2515 Urbani
1717 2487 1773 2514 Vltt

1038 2534 1128 2561 Const.
1141 2540 1227 2560 cmxii
1239 2535 1263 2559 et
1274 2538 1382 2566 cmxvi,
1393 2536 1455 2559 tom.
1470 2538 1524 2564 λιιι,
1537 2540 1597 2566 pag.
1610 2531 1659 2557 39³
1672 2535 1698 2557 et
1709 2531 1784 2561 [ιι-9.,

1076 2580 1085 2604 1
1110 2578 1271 2605 I'articulam
1291 2586 1356 2604 eum
1376 2585 1423 2603 nos
1442 2576 1563 2602 addimus
1583 2582 1619 2604 (ιι.
1635 2580 1682 2609 Τ.).

1073 2623 1090 2650 2
1105 2623 1201 2650 Deesse
1218 2622 1321 2649 videtur
1336 2630 1383 2649 vox
1400 2622 1502 2656 quibus
1517 2626 1554 2655 tn.
1570 2621 1618 2650 Τ.).

1660 221 1723 256 5023
1771 231 1819 257 An.
1836 230 1865 258 c.
1888 231 1935 258 168
1952 233 1967 259 ι

1823 396 1930 426 Exposuit)
1947 398 1968 418 ct

1783 425 1865 449 petitio.
