2111 3157
181 204 272 246 inc
301 218 367 245 1676
413 210 455 243 eo

253 1281 306 1300 {tero

310 1280 366 1300 tuitio

182 1310 344 1328 contin-inoxium.

374 320 525 363 singulos.
544 322 621 356 iuris
660 329 690 356 et
715 324 787 356 sacti
819 323 978 364 desectus,
1005 323 1029 355 si
1056 333 1110 365 qui

376 373 517 417 desuper
565 376 815 418 quomodolibet
858 376 1109 411 intervenerint.

375 429 584 470 supplemus3
604 430 689 462 salva
704 437 811 462 tamen
830 439 957 472 semper
974 429 1005 461 in
1025 439 1111 471 prae-
1132 447 1134 457 ι

375 480 480 513 missis
498 482 688 515 auctoritate
706 482 974 525 Congregationis
991 493 1112 516 eorum-

376 533 447 565 dem
471 535 693 568 cardinalium.

418 586 433 627 ἓ
458 586 489 618 4.
516 588 735 621 Decernentes
769 590 897 622 easdem
923 594 1112 633 praesentes

375 638 499 671 litteras
526 650 656 684 semper
680 642 797 682 firmas,
817 642 938 676 validas
957 649 987 675 et
1008 642 1113 675 effica—

376 700 428 723 ces
456 691 593 725 existere
619 698 650 726 ct
674 694 752 736 sore,
782 705 922 738 suosque
948 694 1112 737 plenarios

377 747 409 774 et
432 743 576 787 integros
599 745 732 780 effeetus
758 748 867 780 sortiri
897 753 929 781 et
956 748 1112 786 obtinere,

375 806 412 828 ac
429 798 467 829 ab
486 797 562 839 illis,
587 800 625 832 ad
653 811 733 843 quos
759 806 882 844 spectat
907 807 938 834 et
963 812 1020 844 pro
1039 807 1116 833 tem-

376 859 457 891 pore
487 852 656 893 spectabit,
686 853 916 887 inviolabiliter
941 853 1114 893 observari,

377 902 487 946 sicque
518 905 549 937 in
582 906 770 949 praemissis
806 918 865 951 per
898 917 1115 950 quoscumque

376 955 501 989 iudices
526 959 707 993 ordinarios
739 966 771 993 et
802 960 983 1002 delegatos,
1021 960 1116 992 etiam

377 1019 546 1043 causarum
582 1012 692 1055 palatii
728 1013 897 1056 apostolici
931 1012 1114 1052 auditores,

376 1061 512 1096 iudicari
539 1070 570 1096 et
595 1065 721 1098 definiri
748 1066 868 1098 debere
885 1093 892 1106 ‚
928 1076 963 1098 ac
987 1065 1115 1097 irritum

377 1120 408 1147 et
433 1116 527 1149 inane
549 1117 573 1149 si
599 1128 693 1151 secus
720 1119 885 1161 superbis
906 1129 923 1150 a
940 1128 1114 1161 quoquam,

377 1169 486 1210 quavis
512 1170 712 1212 auctoritate,
728 1172 868 1204 scienter
891 1172 941 1204 vel
966 1171 1117 1213 ignoran-

377 1225 434 1260 ter,
462 1223 635 1265 contigerit
659 1222 820 1257 attentari.

421 1275 435 1317 ἓ
461 1275 491 1307 5.
519 1274 587 1308 Non
606 1276 810 1309 obstantibus
832 1276 1118 1309 constitutionibus

380 1332 411 1359 et
435 1328 699 1362 ordinationibus
726 1329 923 1372 apostolicis,
943 1340 987 1369 ac,
1007 1334 1118 1372 quate-

380 1391 439 1413 nus
464 1391 545 1423 opus
562 1382 610 1421 sit,
637 1381 764 1414 Ordinis
782 1382 929 1425 praefati,
953 1383 1050 1414 etiam
1069 1383 1118 1414 iu-

379 1440 540 1474 ramento,
575 1433 822 1467 confirmatione
847 1435 1041 1477 apostolica,
1067 1435 1116 1467 vel

380 1487 490 1530 quavis
516 1487 666 1520 firmitate
693 1488 754 1520 alia
790 1488 960 1528 roboratis,
989 1488 1117 1520 statutis

380 1545 413 1572 et
437 1540 734 1581 consuetudinibus,
762 1541 941 1584 privilegiis
974 1552 1115 1584 quoquc,

379 1593 515 1626 indultis
541 1599 573 1626 et
592 1594 707 1626 litteris
728 1594 914 1637 apostolicis
933 1593 965 1625 in
989 1600 1118 1626 contra-

379 1646 463 1679 rium
496 1646 753 1690 praemissorum
775 1647 1022 1689 quomodolibet
1046 1658 1117 1679 cou-

380 1699 491 1739 cessis,
519 1699 716 1732 conssrmatis
741 1706 772 1732 et
796 1700 973 1739 innovatis,
1000 1701 1116 1743 quibus

379 1753 530 1785 omnibus
573 1758 605 1785 et
634 1753 786 1794 singulis,
820 1753 952 1785 illorum
991 1759 1117 1786 tenores

379 1805 608 1849 praesentibus
642 1816 701 1848 pro
737 1807 833 1848 plene
859 1811 890 1838 et
923 1806 1119 1838 sufficienter

381 1859 544 1901 expressis
565 1864 596 1890 et
615 1858 748 1891 insertis
766 1858 937 1898 habentes,
955 1859 1018 1891 illis
1040 1859 1117 1891 alias

380 1911 413 1943 in
439 1922 495 1944 suo
521 1911 640 1944 robore
658 1910 887 1954 permansuris,
907 1911 944 1943 ad
962 1912 1118 1953 praemis-

380 1974 489 1996 sorum
515 1964 673 2004 effectum,
693 1965 753 1996 hac
771 1964 838 1996 vice
857 1965 1028 2003 dumtaxat,
1046 1975 1118 2007 spe-

381 2017 505 2049 cialiter
527 2022 558 2049 et
578 2026 729 2059 expresse
755 2016 966 2059 derogamus,
985 2017 1118 2049 ceteris-

382 2080 445 2112 que
470 2069 642 2103 contrariis
669 2069 939 2112 quibuscumque.

424 2122 540 2154 Datum
566 2122 699 2162 Romae,
726 2122 811 2165 apud
832 2122 863 2155 S.
891 2122 1021 2155 Petrum
1058 2122 1116 2155 sub

383 2177 503 2208 annulo
530 2176 712 2217 Piscatoris,
741 2176 791 2208 die
817 2186 901 2209 xxvu
931 2176 1116 2209 novembris

365 2238 551 2268 ¹unetxxvn
576 2230 784 2272 pontificatus
810 2229 915 2262 nostri
937 2240 1022 2262 anno
1048 2240 1069 2263 1.

407 2290 479 2337 Pat-
502 2291 546 2318 die
561 2291 593 2318 27
614 2292 769 2319 novembris
792 2292 869 2325 1676,
891 2292 987 2327 pontis.
1012 2299 1083 2319 anno
1098 2298 1116 2319 1.

709 2453 783 2486 VIII.

371 2532 605 2576 'committitur
628 2541 748 2574 mencio
765 2540 993 2585 Porlnyallicte
1016 2541 1117 2575 mocle-

425 2596 510 2628 ratz'o
535 2594 744 2628 inhibitionis
774 2595 879 2637 sactae
909 2596 1115 2639 inquz'silori-

957 222 1136 246 anthimum
1162 223 1313 247 sonsum

374 267 532 302 firmitatis
557 269 657 302 robur
681 269 860 310 adiicimus,
887 280 924 303 ao
949 281 1059 303 omnes
1081 275 1112 302 et
1132 278 1134 289 ¹

1900 215 1949 254 Ᾱτι.
1964 227 1992 255 C.
2017 215 2083 255 ιθῆἱί

1200 271 1257 303 bus
1281 271 1361 304 dz'cli
1383 273 1477 315 requi
1492 272 1719 317 Porluqalliae
1736 274 1771 307 in
1791 274 1890 308 causei

1199 335 1345 357 recursus
1368 324 1532 358 Novarum
1559 326 1851 360 Christianorum¹.

1155 404 1323 431 Venerabili
1365 405 1452 431 fratri
1488 405 1629 433 Marcello
1663 406 1891 441 archiepiscopo

1191 449 1441 482 Chalcedonensi,
1467 450 1497 476 in
1518 451 1722 484 Portuqalliae
1740 454 1771 478 et
1790 453 1892 486 Alqar-

1190 493 1304 519 biorum
1320 495 1420 528 regnis
1435 497 1539 521 nostro
1555 498 1586 522 et.
1600 496 1789 528 apostolicae
1807 495 1892 524 sedis

1190 545 1312 571 nuncio,

1338 601 1531 628 Innocentius
1552 601 1631 635 Papa
1650 601 1697 629 xl.

1367 672 1556 699 Venerabilis
1577 673 1684 707 frater,

1199 716 1327 742 salutem
1346 720 1376 743 et
1391 718 1588 749 apostoticam
1606 717 1854 746 benedictionem.

1202 795 1216 837 ἓ
1238 795 1268 827 1.
1289 796 1386 836 Alias,
1414 808 1486 830 cum
1512 797 1621 831 dilecti
1646 797 1703 831 filii
1720 797 1893 832 Christiani
1925 818 2088 839 mmmmm

1158 848 1236 881 Novi
1250 850 1436 893 nuncupati,
1453 851 1518 883 sive
1537 851 1574 883 ab
1590 851 1745 884 Hebraeis
1761 851 1896 885 descen·
1905 847 1969 893 ξῗζᾞ*
1980 845 2089 893 mlssssffissss

1160 902 1289 941 dentes,
1315 903 1346 934 in
1373 903 1589 946 portugalliae
1614 910 1646 937 et
1670 900 1945 947 Alga1=biorum”*³·

1159 955 1267 997 regnis
1287 956 1449 997 degentes,
1469 957 1522 999 qui
1540 957 1572 990 in
1591 958 1775 990 cai-'ceribus
1798 957 1897 990 tribu-

1160 1006 1281 1040 nalium
1294 1007 1517 1050 Inquisitionis
1529 1011 1682 1042 adversus
1694 1010 1896 1043 haereticam

1161 1064 1193 1092 et
1216 1060 1424 1103 apostaticam
1450 1072 1467 1094 a
1490 1061 1553 1095 fide
1582 1062 1742 1095 catholica
1766 1067 1799 1095 et
1821 1062 1897 1095 reli-

1161 1112 1255 1154 gione
1288 1114 1464 1147 christiana
1488 1115 1695 1158 pravitatem,
1722 1116 1755 1148 in
1779 1115 1898 1159 Ulyssi-

1161 1166 1319 1207 ponensi,
1360 1166 1533 1208 Eborensi,
1571 1173 1603 1200 et
1641 1167 1896 1200 Conimbricensi

1161 1217 1340 1251 civitatibus
1372 1219 1564 1253 auctoritate
1595 1220 1775 1263 apostolica
1805 1220 1898 1253 insti-

1162 1276 1315 1312 tutorum,
1340 1277 1477 1315 propter
1507 1273 1664 1315 imputata
1692 1273 1738 1306 eis
1764 1271 1900 1305 crimina

1162 1325 1200 1357 ad
1226 1324 1365 1357 officium
1382 1325 1604 1368 Inquisitionis
1622 1325 1809 1359 huiusmodi
1827 1336 1899 1368 spe-

1162 1378 1289 1419 ctantia,
1316 1379 1355 1410 de
1382 1378 1498 1421 quibus
1534 1378 1672 1412 accusati
1709 1389 1766 1411 seu
1791 1378 1898 1421 inqui—

1163 1432 1215 1464 siti
1240 1432 1418 1475 respective
1438 1432 1630 1472 existebant,
1657 1432 1896 1473 detinebantur,

1162 1484 1201 1516 ad
1226 1484 1329 1517 felicis
1355 1485 1591 1517 recordationis
1615 1484 1814 1518 Clementem
1840 1484 1898 1516 Pa-

1163 1548 1235 1579 pam
1250 1537 1275 1569 X
1293 1537 1585 1579 praedecessorem
1603 1543 1749 1570 nostrum
1767 1542 1798 1569 et
1814 1537 1898 1569 hanc

1163 1596 1305 1623 sanctam
1324 1590 1439 1622 Sedem
1457 1590 1680 1630 recurrissent,
1700 1599 1898 1632 conqueren-

1164 1648 1220 1683 tes,
1246 1643 1349 1675 bonae
1375 1643 1550 1675 memoriae
1574 1642 1703 1675 Petrum
1736 1642 1898 1685 archiepi-

1163 1706 1298 1738 scopum
1323 1694 1505 1732 Sidensem,
1533 1695 1586 1738 qui
1620 1700 1695 1728 tunc
1725 1694 1832 1727 adhue
1863 1694 1898 1726 in

1164 1747 1314 1780 humanis
1340 1758 1410 1780 esse
1436 1748 1642 1787 credebatur,
1662 1748 1848 1790 generalem
1866 1751 1898 1780 et

1165 1800 1309 1843 reliquos
1335 1799 1545 1842 inquisitores
1579 1800 1732 1832 adversus
1758 1799 1898 1832 haereti-

1164 1863 1231 1885 cam
1257 1852 1448 1895 pravitatem
1473 1852 1507 1884 iu
1532 1852 1624 1885 dictis
1655 1851 1764 1895 regnis
1791 1856 1899 1884 aucto-

1164 1906 1256 1937 ritate
1292 1905 1437 1948 praefata
1474 1905 1667 1948 deputatos,
1699 1915 1755 1938 seu
1780 1915 1897 1938 eorum

1163 1959 1311 2001 aliquos,
1343 1958 1382 1990 ad
1412 1968 1531 1990 novum
1557 1963 1662 1991 actum
1688 1959 1744 2001 (ut
1762 1959 1895 2002 vocant)

1161 2012 1237 2053 fidei
1261 2016 1371 2043 contra
1395 2010 1481 2053 ipsos
1497 2038 1504 2051 ,
1528 2011 1594 2044 sive
1619 2011 1659 2044 ad
1677 2021 1798 2047 ,eorum
1823 2021 1898 2044 con-

1163 2064 1421 2103 demnationem,
1467 2074 1647 2107 eorumque
1685 2064 1725 2097 ad
1764 2064 1912 2108 publice'

1162 2117 1374 2149 abiurandum
1392 2117 1603 2157 coactionem,
1623 2117 1703 2150 etin
1724 2117 1820 2150 huius
1842 2117 1897 2150 de-

1163 2170 1278 2202 sectum
1305 2168 1343 2200 ad
1370 2168 1570 2202 diversarum
1602 2180 1784 2212 poenarum
1813 2169 1896 2202 inssi-

1162 2223 1302 2255 ctionem
1329 2227 1425 2264 atque
1455 2222 1675 2255 executionem
1694 2223 1791 2255 nimia
1807 2232 1896 2266 prae-

1162 2274 1358 2318 cipitatione,
1385 2285 1466 2317 quae
1495 2275 1636 2308 iustitiae
1661 2285 1799 2309 noverca
1823 2285 1895 2308 esse

1161 2329 1264 2368 solet,
1290 2338 1351 2360 nec
1374 2328 1509 2360 servatis
1535 2328 1573 2361 iis
1599 2339 1681 2372 quae
1706 2339 1765 2372 per
1790 2338 1895 2362 sacro-

1160 2391 1231 2414 rum
1266 2391 1424 2413 canonum
1451 2386 1481 2413 et
1513 2383 1780 2415 constitutionum
1815 2392 1895 2425 apo-

1161 2435 1349 2468 stolicarum
1375 2434 1568 2477 aequitatem
1593 2435 1791 2478 praescripta
1808 2440 1892 2476 sunt,

1197 2516 1221 2542 1.
1242 2514 1314 2540 Ilanc
1334 2513 1519 2541 inhibitionem
1540 2514 1623 2542 hanes
1642 2515 1668 2541 in
1686 2514 1895 2542 Constit.CLXI11

1160 2559 1304 2586 Clementis
1324 2557 1360 2591 Χ,
1388 2567 1456 2593 quae
1481 2559 1573 2595 incipit
1597 2560 1669 2587 Cum
1695 2559 1794 2588 dilecti
1817 2558 1892 2594 filii,

1161 2608 1224 2631 tom.
1247 2610 1327 2638 xrut,
1349 2612 1408 2639 pag.
1432 2603 1492 2630 495.
1899 2604 1913 2608 “
