2111 3157
19 195 68 219 An.
85 193 113 220 C.
136 191 200 219 1υ79

792 193 867 218 INNO
873 193 1004 218 CENTIUS
1025 193 1056 218 XI
1081 193 1128 218 1²1³.

208 241 271 281 bat,
286 241 362 274 licet
377 241 531 275 eiusmodi
545 243 683 275 lectores
695 242 818 275 iubilati
830 242 935 285 quoad

208 304 276 326 rem
301 294 412 337 ipsam,
431 306 547 338 nempe
564 296 741 328 litterarum
760 296 935 334 scientiam,

208 356 225 378 a
249 346 409 388 magistris
436 348 466 379 in
492 351 580 380 sacra
599 348 760 389 theologia
780 353 812 380 et
828 348 936 380 docto-

207 398 297 431 ribus
315 400 430 432 artium
449 400 567 432 diserre
586 410 649 432 non
665 400 842 437 videantur,
861 399 935 441 quia

208 456 314 483 tamen
346 452 431 484 iuter
455 462 510 484 eos
545 457 595 484 est
625 452 792 484 nominum
830 452 935 483 titulo—

207 514 341 547 rumque
357 504 530 542 diversitas,
550 505 696 537 nonnulli
711 504 932 546 praetendant,

207 567 243 589 ae
267 557 361 589 etiam
386 567 444 599 per
468 557 641 589 sententias
666 556 859 588 iudicialiter
882 556 934 587 de-

206 609 334 647 finiant,
371 609 442 641 illos
486 608 672 640 doctoribus
709 613 740 640 et
773 595 958 649 magistrisl

206 661 388 694 huiusmodi
414 661 446 693 in
471 661 584 693 ordine
610 661 647 692 ad
673 660 864 703 aperiendas
902 664 933 691 et

206 712 387 746 executioni
413 712 608 744 mandandas
634 712 756 744 litteras
785 721 843 753 per
866 711 934 742 ossi-

206 765 290 797 cium
312 764 581 797 Poenitcntiariae
607 763 811 806 Apostolicae
837 773 933 804 expe-

204 817 308 856 ditas,
345 827 425 860 quae
462 817 619 848 eiusmodi
656 816 841 848 doctoribus
876 825 931 847 seu

204 869 364 911 magistris
389 879 486 911 super
510 868 731 907 absolutione,
766 868 933 910 dispensa—

204 922 304 962 tione,
330 927 541 964 votorumque
566 931 621 953 seu
647 921 780 953 aliarum
809 920 932 962 obliga-

204 974 325 1007 tionum
350 974 599 1006 commntatione
625 973 719 1015 dirigi
745 974 861 1011 solent,
897 983 933 1005 ac

205 1027 308 1068 quoad
343 1026 421 1058 alias
454 1026 704 1068 praerogativas,
737 1035 830 1068 pares
868 1035 931 1057 non

204 1088 292 1110 esse:
325 1078 418 1110 nobis
435 1084 608 1120 propterca
626 1077 729 1109 dictus
745 1077 856 1110 Celsus
874 1077 933 1109 Ma-

203 1129 250 1162 ria
265 1130 430 1162 humiliter
444 1130 618 1172 supplicari
638 1129 710 1161 feeit
738 1129 820 1161 utin
841 1139 933 1171 prae.-

203 1182 306 1213 missis
331 1187 514 1224 opportune
541 1182 710 1223 providere
736 1186 768 1213 et
791 1186 825 1212 ut
851 1182 932 1213 infra

203 1234 372 1276 indulgere
398 1234 437 1265 de
462 1233 660 1275 benignitate
686 1233 863 1275 apostolica
888 1233 933 1264 di-

978 243 1083 284 quoad
1108 242 1184 275 alias
1211 242 1388 275 functiones
1418 242 1651 276 ecclesiasticas
1676 248 1707 275 et

978 295 1148 327 litterarias
1174 296 1341 337 quaslibet,
1373 296 1519 328 omnibus
1544 301 1576 328 et
1600 295 1707 338 singu-

979 347 1015 379 lis
1040 349 1279 390 praerogativis,
1306 348 1580 390 praeeminentiis,
1610 349 1706 390 privi-

978 400 1077 441 legiis,
1103 401 1214 442 gratiis
1236 407 1266 433 et
1286 402 1431 440 indultis,
1458 402 1574 444 quibus
1591 403 1704 435 fratres

976 461 1127 493 expresse
1153 453 1289 494 professi
1315 454 1450 486 aliorum
1476 454 1630 488 Ordinum
1648 456 1706 488 do-

977 509 1081 536 ctores
1106 505 1220 536 artium
1247 511 1278 537 et
1301 505 1332 537 in
1358 509 1445 538 sacra
1463 507 1626 549 theologia
1646 519 1706 540 ma-

976 555 1076 595 gistri,
1103 563 1165 588 tam
1183 557 1222 589 de
1241 557 1320 595 iure,
1334 568 1392 589 usu
1414 564 1445 590 et
1462 560 1703 600 consuetudne,

975 618 1068 649 quam
1094 609 1172 640 alias
1197 610 1441 651 quomodolibet
1464 617 1608 650 utuntur,
1643 613 1704 644 tru-

974 665 1072 691 untur
1097 666 1128 692 et
1152 662 1299 702 gaudent,
1333 672 1367 693 ac
1393 663 1448 698 uti,
1475 664 1534 695 t'rui
1568 670 1599 696 et
1630 675 1705 707 gau-

975 712 1053 744 dere
1078 718 1215 754 possunt
1239 718 1271 745 et
1296 719 1448 755 poterunt
1483 716 1513 747 in
1553 717 1704 755 futurum,

975 764 1043 806 pari
1078 765 1172 797 modo
1199 766 1258 805 uti,
1285 766 1344 797 srui
1371 772 1402 798 et
1428 768 1567 808 gaudere
1593 770 1705 808 libere,

974 817 1061 849 licite
1086 822 1116 849 et
1140 818 1243 849 valide
1269 819 1393 860 possint
1430 824 1461 851 et
1491 822 1626 860 valeant,
1652 834 1706 854 au-

974 869 1119 901 ctoritate
1145 871 1332 911 apostolica,
1351 876 1460 904 tenore
1479 874 1693 914 praesentium

973 922 1179 954 concedimus
1195 928 1226 954 et
1243 922 1455 964 indulgemus.
1475 924 1620 958 Ceterum
1639 938 1706 959 non

974 973 1170 1006 intendimus
1194 985 1253 1017 per
1277 981 1463 1017 praesentes
1489 976 1610 1009 litteras
1640 989 1709 1021 pri-

973 1026 1096 1068 vilegia,
1118 1027 1352 1069 exemptiones,
1370 1030 1618 1070 praerogativas,
1637 1041 1704 1071 gra·

975 1079 1032 1111 tias
1057 1084 1088 1111 et
1110 1079 1243 1117 indulta,
1262 1090 1342 1121 quae
1360 1081 1511 1122 praefatis
1530 1083 1702 1115 lectoribus

975 1131 1112 1162 iubilatis
1136 1141 1195 1173 per
1219 1132 1410 1173 apostolicas
1435 1139 1465 1164 et
1489 1134 1614 1166 Ordinis
1640 1136 1704 1177 pri-

974 1182 1103 1214 modieti
1139 1183 1386 1215 constitutiones
1423 1194 1577 1217 concessa
1608 1192 1701 1223 sunt,

973 1235 1039 1267 nllo
1064 1235 1159 1266 modo
1183 1245 1301 1276 augere
1318 1237 1366 1268 vel
1391 1237 1544 1277 minuere,
1570 1239 1623 1271 sed
1650 1240 1704 1272 illa

974 1286 1004 1318 in
1030 1292 1113 1319 statu
1139 1293 1170 1319 et
1195 1287 1352 1325 terminis,
1378 1289 1407 1320 in
1427 1289 1543 1331 quibus
1561 1291 1599 1323 de
1618 1302 1705 1334 prae-

1602 181 1666 217 2⁶27
1711 197 1761 220 An.
1781 194 1811 220 c.
1833 193 1899 221 1679

203 1295 388 1328 gnaremur.

65 1344 194 1382 nemiuem
246 1339 261 1380 g
285 1337 315 1369 2.
342 1337 404 1369 Nos
430 1336 539 1379 igitur,
553 1337 681 1370 Ordinis
705 1337 860 1380 praedicti
879 1337 932 1370 de-

11 1372 268 1421 312'.’,‘³,'.i'1'}'12”.332001·i
305 1395 336 1422 et
368 1388 657 1427 honorificantiae‚
682 1395 835 1431 qnantum
860 1399 931 1421 eum

13 1425 61 1444 unni
96 1424 191 1443 maruli-nt

13 1450 92 1471 'hem
118 1442 338 1475 s=1cme1301nin0
367 1452 554 1485 possumus,
581 1442 718 1484 benigne
744 1443 930 1481 consulere,

10 1476 372 1549 {efssiiffff'ff'jiss‘issipsumque
408 1494 535 1526 Celsum
571 1494 699 1526 Mariam
738 1494 932 1537 specialibus

12 1534 192 1584 ³31i1¹⁴33r133ff11¹i=i
203 1548 364 1580 favoribus
390 1552 421 1579 et
445 1548 556 1589 gratiis
589 1547 743 1590 prosequi
768 1548 929 1585 volentes,

11 1583 33 1602 01.
42 1583 192 1604 magistrat-nin,

974 1339 1054 1371 senti
1080 1339 1299 1381 reperiuntur,
1326 1350 1495 1374 remanere
1520 1344 1679 1376 volumus.

1017 1391 1031 1433 ἓ
1056 1390 1087 1423 3.
1111 1391 1327 1423 Decernentes
1365 1393 1493 1425 easdem
1519 1401 1705 1435 praesentes
1744 1400 1863 1426 Ctausut-te.

974 1443 1096 1475 litteras
1123 1453 1251 1485 semper
1274 1444 1403 1483 sirmas,
1427 1445 1567 1485 validas,
1600 1447 1706 1480 effica—

975 1504 1026 1526 ces
1047 1494 1183 1527 existere
1212 1500 1243 1527 et
1276 1495 1350 1535 sore,
1373 1507 1510 1538 suosque
1543 1499 1707 1539 plenarios

976 1552 1007 1578 et
1030 1546 1174 1588 integros
1201 1546 1330 1579 etl'ectus
1357 1548 1463 1580 sortiri
1490 1554 1521 1581 et
1546 1550 1706 1592 obtinere,

11 1605 235 1660 gfflpriiginmtatuset
258 1610 274 1631 a
299 1600 461 1642 quibusvis
486 1599 833 1638 excommunicationis,
866 1610 933 1631 sus-

203 1652 372 1695 pensionis
398 1658 429 1684 et.
458 1651 640 1690 interdicti,
670 1652 807 1693 aliisque
833 1653 936 1684 ecele-

204 1704 338 1736 siasticis
357 1704 538 1742 sententiis,
562 1704 707 1735 censuris
726 1710 754 1735 et
773 1704 895 1746 poenis,
918 1714 934 1735 a

205 1757 273 1790 iure
294 1758 341 1789 vel
359 1758 397 1789 ab
415 1757 555 1795 bomine,
575 1751 683 1800 q⁸uavis
700 1757 868 1789 occasione
885 1758 932 1789 vel

205 1813 300 1842 causa
330 1810 411 1847 latis,
436 1809 459 1841 si
486 1810 603 1852 quibus
627 1810 871 1852 quomodolibet
893 1810 937 1841 in-

204 1862 342 1894 nodatus
360 1863 474 1900 existit,
493 1863 531 1894 ad
546 1862 693 1894 ellectum
714 1862 934 1904 praesentium

206 1915 369 1947 dumtaxat
403 1915 677 1957 consequendum,
705 1915 820 1946 barum
852 1915 957 1947 serie·

206 1967 410 1999 absolventes
428 1972 459 1998 et
475 1967 654 1998 absolutum
673 1967 741 1999 sore
756 1972 934 2005 censentes,
955 1975 957 2026 ἰ

207 2018 391 2051 huiusmodi
430 2019 719 2061 supplicationibus
765 2019 932 2057 inclinati,

207 2071 354 2104 omnibus
391 2075 422 2103 et
446 2071 581 2112 singulis
617 2071 783 2103 memorati
809 2071 935 2103 Ordinis

207 2123 339 2155 fratrum
372 2122 526 2154 lllinorum
563 2123 662 2155 sancti
699 2123 859 2155 Francisci
897 2123 935 2155 de

205 2175 412 2208 Observantia
437 2175 609 2207 lectoribus
634 2175 774 2207 iubilatis
792 2186 937 2217 praesen-

205 2227 291 2260 tibus
317 2233 349 2260 et
373 2228 495 2264 suturis,
524 2233 556 2259 ut
581 2237 795 2270 quascumque
814 2227 934 2260 litteras

204 2287 265 2323 per
288 2279 425 2311 officium
441 2279 709 2312 Poenitentiariae
732 2280 934 2321 Apostolieae

205 2330 390 2375 huiusmodi
416 2342 472 2374 pro
492 2338 636 2374 tempore
658 2332 835 2373 expeditas,
853 2343 934 2375 quae

208 2384 393 2416 doctoribus
418 2384 533 2415 artium
571 2394 624 2415 seu
651 2383 810 2425 magistris
835 2384 866 2416 in
892 2395 936 2416 sa-

208 2439 261 2468 cra
286 2437 448 2479 theologia
472 2437 611 2469 directae
631 2437 757 2475 suerint,
776 2437 934 2479 recipere,
955 2462 957 2474 ,

210 2489 356 2531 aperire,
380 2500 416 2521 ac
451 2489 535 2521 iuxta
569 2489 697 2521 illarum
735 2490 869 2521 sormam
906 2496 937 2529 et

210 2545 354 2574 tenorem
378 2541 556 2574 executioni
580 2542 746 2582 mandare3
772 2552 831 2574 nec
855 2552 934 2584 non,

975 1608 1010 1630 ac
1034 1599 1108 1635 illis,
1126 1599 1164 1631 ad
1186 1610 1267 1642 quos
1294 1606 1416 1642 spectat
1434 1607 1465 1633 et
1482 1611 1540 1643 pro
1560 1608 1706 1645 tempore

976 1652 1243 1694 quandocumque
1270 1653 1439 1695 spectabit,
1458 1653 1489 1685 in
1508 1655 1656 1688 omnibus
1675 1662 1708 1689 et

976 1713 1034 1745 per
1048 1704 1152 1735 onmia
1166 1704 1351 1746 plenissime
1365 1704 1542 1747 suflragari,
1559 1713 1589 1739 et
1606 1708 1645 1739 ab
1660 1709 1705 1741 eis

977 1756 1389 1798 respectiveinviolabiliter
1405 1758 1578 1797 observari,
1598 1760 1707 1802 sicque

976 1808 1008 1839 in
1033 1807 1218 1849 praemissis
1254 1818 1312 1849 per
1346 1820 1563 1853 quoscumque
1588 1811 1708 1844 iudices

977 1861 1159 1893 ordin-rios
1178 1867 1208 1893 et
1222 1861 1400 1903 delegatos,
1421 1863 1514 1895 etiam
1541 1875 1708 1897 causarum

978 1913 1086 1955 palatii
1119 1913 1285 1954 apostoti‹1t
1311 1914 1494 1953 auditores,
1521 1915 1655 1948 iudicari
1677 1922 1710 1948 et

978 1965 1102 1997 deliniri
1135 1966 1264 2003 debere,
1300 1976 1334 1997 ae
1354 1967 1478 1999 irritum
1506 1973 1536 2000 et
1562 1969 1655 2001 inane
1682 1969 1708 2001 si

978 2028 1070 2049 secus
1088 2028 1186 2060 super
1204 2018 1254 2049 liis
1268 2029 1284 2050 a
1298 2029 1469 2061 quoquam,
1481 2020 1590 2062 quavis
1605 2028 1710 2053 aueto-

977 2070 1079 2109 ritate,
1097 2070 1237 2102 scienter
1255 2071 1303 2102 vel
1321 2070 1518 2113 ignoranter,
1536 2073 1708 2114 eontigerit

978 2123 1139 2155 attentari.

1021 2176 1084 2217 ἑά.
1113 2175 1182 2207 Non
1215 2177 1420 2209 obstantibus
1440 2179 1638 2220 praemissis,
1672 2183 1902 2235 acinfflffiffiffi‘m

977 2228 1260 2260 constitutionibus
1287 2234 1317 2260 et
1343 2230 1599 2263 ordinationibus
1632 2243 1709 2274 apo·

978 2281 1109 2319 stolicis,
1128 2291 1252 2313 necnon
1269 2281 1342 2313 dieti
1361 2282 1499 2321 Ordinis,
1518 2284 1626 2316 aliisve
1642 2286 1710 2327 qui-

978 2333 1099 2371 busvis,
1126 2333 1220 2365 etiam
1246 2334 1438 2373 iuramento,
1466 2335 1710 2370 confirmatione

978 2385 1167 2427 apostoliea,
1195 2386 1242 2417 vel
1269 2387 1378 2428 quavis
1408 2387 1556 2420 firmitate
1578 2389 1638 2420 alia
1661 2400 1712 2421 ro-

978 2437 1106 2475 boratis,
1129 2438 1251 2469 statutis
1272 2444 1303 2470 et
1323 2440 1624 2479 consuetudinibus,
1649 2441 1713 2483 pri-

978 2490 1100 2531 vilegus
1125 2501 1264 2532 quoque,
1288 2491 1421 2523 indultis
1443 2498 1472 2524 et
1494 2493 1608 2525 litteris
1637 2504 1712 2535 apo-

978 2543 1109 2583 stolicis,
1122 2543 1152 2575 in
1164 2543 1358 2576 contrarium
1373 2545 1621 2587 praemissorum
1637 2556 1713 2589 quo·
