2111 3157
0 244 33 262 m.
54 233 82 261 C.
101 233 168 260 tt‘S5
758 232 969 256 imocmrtts
992 232 1022 255 xi
1047 232 1096 256 nr.
1580 216 1643 251 (725

175 281 207 315 in
241 281 392 314 omnibus
428 286 459 314 et
488 291 548 324 per
579 281 686 314 omniu
721 280 907 323 plenissime

1688 226 1734 253 An⁴
1759 225 1785 252 C.
1806 224 1871 252 105>

1271 278 1356 311 CLH.

175 333 360 392 Sqffmgarh
388 335 552 392 et„³b,e¹³
577 334 908 392 s‘f‘spefflvefnfqffla'
951 349 1170 389 Confirmotur
1214 348 1375 380 decretum
1417 346 1681 389 Coriyresyalionis

173 386 259 419 ΒΜΓ
275 387 452 443 Οῂδθηωζμ
471 397 582 444 S.¹Cque
600 397 634 443 ¹¹¹,
651 396 836 442 prqfflmffls
850 395 908 427 per
992 402 1129 434 Rituum
1159 401 1196 434 de
1224 402 1371 444 primatu
1396 401 1429 432 in
1459 400 1682 442 functionibus

175 449 395 497 quoscumque
420 439 541 471 iudices
565 439 747 496 ordlnarl'os
767 448 803 470 ac
824 438 908 494 del-ej
993 459 1021 485 el
1056 455 1127 486 ime
1157 454 1368 496 processioni-S
1398 454 1598 496 perimendae
1625 463 1683 495 pro

175 497 285 534 gatos,
302 498 400 525 etiam
419 502 586 524 causarum
605 492 715 534 palatii
736 491 906 533 apostolici
991 507 1149 548 fram-bus
1174 507 1460 539 eraesh-wtoribus
1484 511 1594 538 emma
1617 507 1684 547 fm-

181 545 368 585 anditm'es’
393 544 529 577 indicari
555 549 587 576 et
610 542 737 576 definiri
763 542 881 574 debere
898 568 906 581 ’
994 563 1054 590 tres
1078 559 1219 592 Minores
1249 559 1286 591 de
1313 559 1519 593 Obseruantia*
1545 560 1579 591 in
1606 558 1685 599 Qui-

175 608 213 631 ac
241 597 367 631 irritum
393 602 425 630 et
448 597 544 629 inane
570 596 597 629 si
622 606 714 628 secus
738 605 834 637 super
858 593 908 625 his
994 612 1074 644 lensi
1095 611 1296 654 prom-nem,-

176 660 194 683 a
217 660 391 693 quoquam,
413 649 523 692 quavis
547 648 749 686 auctoritate,
768 647 908 679 scienter

175 704 226 737 vel
244 703 440 745 ignoranter,
459 701 631 743 contigerit
657 699 817 733 attentari.

218 756 233 799 ἓ
257 755 289 788 4.
315 754 385 787 Non
403 753 603 786 obstantibus
623 752 908 786 constitutionibus

175 813 206 841 et
230 806 486 841 ordinationibus
510 806 710 849 apostolicis,
737 809 908 847 cuquam-

175 871 236 893 nus
256 870 336 903 opus
360 859 411 899 sit,
436 858 509 891 dicti
534 858 672 898 Ordinis,
699 858 809 891 aliisve
836 856 907 899 qui-

174 912 293 952 busvis,
318 911 413 945 etiam
438 911 635 950 iuramento,
663 910 908 943 confirmatione

175 965 353 1009 apostolica
373 992 380 1005 ,
418 965 467 997 vcl
503 964 611 1007 quavis
654 963 804 997 firmitate
847 964 909 996 alia

1136 691 1333 718 Innocentius
1354 692 1433 725 Papa
1452 693 1501 726 XI,

50 765 165 790 Dei-ogau«,
1089 736 1125 762 ad
1145 736 1279 762 futuram
1299 736 1345 762 rei
1367 737 1547 764 memoriam,

0 791 142 813 omrai-iorum.

993 806 1008 849 g
1025 806 1055 838 1.
1072 806 1237 838 Emanavit
1257 817 1361 849 nuper
1386 817 1403 839 a
1422 806 1682 850 congregatione
1695 815 1878 866 memmei-etum

1738 858 1742 860 <
1776 849 1779 853 ·
1806 851 1878 871 inquo

949 858 1181 891 venerabilium
1197 859 1329 891 fratrum
1347 865 1529 892 nostrorum
1546 860 1577 892 S.
1598 861 1633 892 R.
1648 861 1680 892 E.
1695 869 1758 904 etiarn
1781 870 1878 902 iim-um-

950 912 1161 944 cardinalium
1171 911 1270 944 sacris
1283 911 1398 943 ritibus
1412 912 1683 955 praepositorum,
1695 894 1806 965 gfssssss'ffiffl
1815 897 1879 944 *02¹2ssss

950 965 988 997 ad
1005 965 1144 998 savorem
1164 965 1358 998 dilectorum
1383 964 1522 998 filiorum
1548 966 1682 999 fratrum
1695 952 1741 1020 2¹5³}
1752 954 1881 1023 ἰιιὲξῐῖῗξιῖἷῖἷᾷ

1728 1007 1730 1009 ’
1796 1009 1800 1022 Ι
1813 1009 1876 1025 [ΙιῚῚΞν

23 1661 169 1688 'rramumpto-

1 1693 32 1708 uni
48 1688 106 1708 tutes.

174 1019 350 1059 roboratis,
380 1018 507 1051 statutis
532 1024 563 1051 et
596 1017 906 1056 consuetudinibus,

175 1071 354 1116 privilegiis
385 1081 532 1114 quoque,
560 1070 694 1103 indultis
732 1075 763 1102 et
795 1069 909 1102 litteris

176 1123 363 1168 apostolicis
384 1123 416 1155 in
440 1122 638 1157 contrarium
654 1122 908 1166 praemissorum

177 1177 428 1221 quomodolibet
450 1176 625 1215 concessis,
653 1176 851 1208 confirmatis
879 1181 910 1208 et

176 1229 356 1269 innovatis,
383 1229 500 1273 quibus
533 1228 681 1261 omnibus
713 1233 745 1261 et
764 1228 908 1270 singulis,

177 1282 309 1316 illorum
326 1286 457 1315 tenores
481 1281 703 1324 praesentibus
730 1292 789 1325 pro
815 1283 910 1324 plene

179 1341 211 1369 et
235 1335 431 1369 sufficienter
455 1335 615 1378 expressis
647 1345 683 1367 ac
715 1335 753 1368 ad
778 1335 910 1366 verbum

178 1389 309 1423 insertis
333 1389 502 1428 habentes,
529 1388 592 1421 illis
617 1388 695 1420 alias
720 1387 752 1420 in
778 1398 836 1420 sno
861 1397 912 1420 ro-

167 1444 257 1477 bore
281 1441 515 1487 permansuris,
535 1440 573 1473 ad
599 1440 847 1484 praemissorum
873 1440 912 1473 es-

179 1495 298 1529 sectum
314 1521 322 1535 ,
347 1495 408 1528 hac
436 1493 503 1527 vice
529 1493 702 1532 dumtaxat,
728 1492 914 1536 specialiter

179 1553 375 1592 etexpresse
400 1546 609 1588 derogamns;
632 1545 813 1588 ceterisque
838 1556 915 1578 con-

179 1600 286 1634 trariis
310 1599 578 1643 quibuscumque.

223 1654 239 1697 ,ξ
267 1652 298 1686 5.
330 1652 484 1685 Volumus
516 1657 624 1684 autem
658 1656 694 1683 ut
729 1651 914 1684 earumdem

179 1704 400 1749 praesentium
423 1704 603 1738 litterarum
618 1703 839 1747 transumptis
858 1714 915 1736 seu

180 1758 351 1802 exemplis,
376 1758 471 1791 etiam
497 1757 673 1801 impressis,
696 1768 794 1790 manu
819 1757 918 1790 alicu-

177 1812 230 1845 ius
251 1810 369 1845 notarii
397 1810 516 1853 publici
541 1810 741 1853 subscriptis,
763 1815 795 1842 et
810 1810 917 1852 sigillo

179 1874 342 1909 personae
366 1863 400 1896 in
426 1862 646 1896 ecclesiastica
669 1863 826 1905 dignitate
845 1873 918 1895 con—

181 1918 311 1951 stitutae
347 1916 498 1956 munitis,
525 1917 639 1949 eadem
671 1926 805 1959 prorsus
837 1915 916 1948 sides

179 1976 244 2004 tam
270 1971 302 2003 in
322 1970 440 2003 iudicio
465 1979 559 2013 quam
584 1973 673 2001 extra
697 1968 775 2002 illud
796 1968 917 2011 ubique

181 2025 329 2058 locorum
347 2023 517 2062 habeatur,
536 2032 618 2065 quae
638 2022 716 2065 ipsis
740 2021 918 2065 praescnti-

181 2078 242 2111 bus
268 2077 445 2110 haheretur
476 2075 504 2108 si
538 2075 646 2108 forent
681 2074 843 2107 exhibitae
868 2077 916 2108 vel

183 2135 349 2165 ostensae.

226 2183 339 2217 Datum
360 2182 491 2222 Romae,
518 2181 603 2225 apud
623 2180 654 2214 S.
674 2181 805 2216 Mariam
823 2181 918 2215 Maio-

184 2247 262 2278 rem,
278 2236 337 2269 sub
364 2236 484 2269 annulo
505 2234 690 2274 piscatoris,
710 2234 761 2267 die
785 2245 849 2268 xxii
875 2235 918 2268 fe-

182 2288 305 2322 bruarii
342 2297 532 2328 nnetxxxv,
567 2286 774 2331 pontificatus
814 2288 917 2321 nostri

183 2352 270 2375 anno
295 2352 339 2377 1x.

219 2402 278 2431 Dat.
300 2402 344 2432 die
362 2401 396 2431 22
414 2402 547 2431 februarii
568 2402 651 2438 1685,
673 2402 769 2439 pontif.
789 2411 860 2431 anno
880 2409 917 2432 lx.

446 2534 656 2543 ————.

277 2671 356 2701 Eun.
376 2672 461 2701 Rom.
477 2687 511 2693 —
529 2672 589 2700 Vol.
611 2672 686 2701 XIX.
786 2692 794 2699 -
832 2673 864 2700 79

950 1017 1135 1060 provinciae
1151 1017 1312 1056 Quitensis
1332 1018 1364 1050 in
1382 1018 1479 1051 Indiis
1497 1018 1686 1052 Occidenta-

951 1071 1033 1103 libus
1058 1070 1187 1103 Ordinis
1221 1071 1496 1111 praedicatorum,
1523 1072 1686 1104 decretum

952 1124 1074 1157 tenoris
1090 1124 1143 1167 qui
1157 1124 1312 1167 seqnitur,
1326 1125 1495 1157 videlicet:
1519 1136 1532 1156 α
1547 1125 1579 1157 1η
1593 1127 1689 1157 causa

951 1176 1096 1214 Quitensi
1138 1177 1385 1219 praecedentiae
1428 1177 1593 1220 proposita
1629 1188 1689 1220 per

952 1230 1242 1263 eminentissimum
1258 1235 1291 1262 et
1304 1230 1612 1263 reverendissimum
1631 1231 1688 1264 do-

952 1283 1073 1316 minum
1097 1284 1293 1316 cardinalem
1317 1284 1533 1327 Pamphilium
1557 1295 1616 1327 pro
1634 1295 1689 1327 pa-

953 1336 1055 1367 tribus
1086 1335 1302 1368 Dominicanis
1340 1336 1526 1378 provinciae
1560 1336 1690 1374 Oniten-

954 1388 997 1421 sis
1022 1394 1134 1421 contra
1158 1394 1265 1431 patres
1290 1389 1321 1421 S.
1356 1389 1515 1421 Francisci
1552 1390 1690 1422 Minoies

954 1440 1167 1473 Observantes
1200 1441 1343 1473 eiusdem
1371 1441 1566 1484 provinciae,
1587 1453 1691 1474 sacro-

955 1503 1026 1526 rum
1052 1494 1170 1526 rituum
1195 1493 1419 1536 Congregatio,
1439 1494 1558 1526 auditis
1575 1505 1611 1526 ac
1627 1494 1691 1527 dis-

956 1547 1057 1580 cussis
1075 1547 1199 1579 iuribus
1228 1547 1304 1579 hinc
1327 1547 1403 1580 inde
1430 1548 1576 1580 deductis
1594 1553 1690 1589 atque

957 1600 1102 1641 allegatis
1119 1600 1158 1632 ab
1174 1601 1304 1642 utraque
1323 1605 1414 1643 parte
1429 1605 1462 1632 et
1482 1600 1689 1641 informante,

957 1653 1081 1686 censuit
1105 1653 1345 1685 decernendum
1371 1663 1451 1692 esse,
1468 1657 1566 1695 prout
1582 1653 1692 1685 decre-

958 1707 1012 1746 vit,
1029 1707 1068 1739 ad
1086 1706 1226 1739 savorem
1251 1712 1376 1749 patrum
1394 1705 1690 1744 Dominicanornm,

960 1765 1023 1792 tum
1042 1759 1147 1802 quoad
1168 1758 1431 1802 praecedentiam
1459 1758 1580 1791 eisdem
1598 1758 1692 1801 patri-

959 1813 1018 1844 bus
1036 1812 1252 1845 Dominicanis
1266 1811 1406 1844 debitam
1420 1821 1517 1854 supra
1528 1811 1691 1854 praefatos

959 1871 1065 1908 patres
1096 1865 1127 1898 S.
1159 1864 1319 1897 Francisci
1352 1865 1490 1897 Minores
1513 1864 1692 1897 Observan-

960 1924 1006 1951 tes
1031 1919 1063 1951 in
1085 1919 1236 1951 omnibus
1261 1918 1384 1951 actibus
1409 1917 1548 1961 publicis
1575 1922 1607 1950 et
1623 1927 1693 1960 pro-

959 1972 1180 2011 cessionibus,
1208 1977 1276 2004 tum
1311 1971 1418 2014 quoad
1444 1971 1490 2003 ius
1515 1970 1692 2013 peragendi

959 2024 1199 2068 processionem
1235 2023 1397 2057 dominica
1436 2023 1519 2055 infra
1550 2027 1693 2055 octavam

959 2078 1110 2121 Corporis
1135 2077 1252 2110 Christi
1278 2076 1433 2120 privative
1459 2076 1565 2119 quoad
1590 2076 1691 2108 dictos

959 2136 1064 2174 patres
1082 2130 1320 2169 Franciscanos,
1338 2134 1369 2162 et
1389 2129 1554 2171 signanter
1571 2129 1604 2161 in
1621 2128 1694 2161 eivi-

960 2189 1023 2217 tate
1044 2183 1209 2222 Quitensi·‚
1239 2193 1275 2214 ae
1298 2183 1434 2225 insuper
1458 2181 1631 2214 declaravit
1656 2181 1695 2214 li·

959 2246 1033 2269 cere
1050 2234 1225 2279 praedictis
1242 2234 1387 2277 patribus
1404 2233 1625 2266 Franciscanis
1643 2235 1694 2266 ea-

960 2289 1033 2322 dem
1059 2288 1110 2321 die
1146 2286 1309 2320 dominica
1332 2286 1415 2319 infra
1447 2291 1593 2319 octavam
1620 2285 1695 2319 Cor-

960 2342 1048 2386 poris
1073 2341 1190 2376 Christi
1212 2341 1317 2374 sacere
1342 2339 1586 2383 processionem
1611 2339 1696 2373 intra

960 2396 1101 2429 claustra
1133 2404 1244 2427 eorum
1267 2397 1446 2427 conventus
1463 2397 1495 2426 et
1519 2392 1695 2426 ecclesiae:

961 2454 993 2482 et
1019 2448 1064 2481 ita
1091 2446 1226 2480 sancivit
1253 2451 1284 2480 et
1308 2445 1432 2479 servari
1456 2444 1619 2478 mandavit
1644 2444 1696 2478 die

997 2529 1008 2555 1
1031 2527 1068 2554 De
1087 2525 1242 2553 huiusmodi
1256 2526 1373 2561 primatu
1389 2533 1437 2560 pro
1451 2524 1581 2552 fratribus
1596 2523 1697 2551 Obser-

961 2573 1086 2601 vantibus
1105 2571 1165 2598 vide
1184 2571 1292 2599 constit.
1314 2570 1358 2599 ed.
1378 2576 1532 2607 nnetxxxv,
1549 2570 1593 2598 die
1613 2570 1647 2599 25
1661 2569 1705 2605 ia«,

961 2617 1060 2653 nuarii,
1080 2615 1175 2654 pontif.
1195 2621 1232 2644 tx.
