2111 3157
0 229 50 257 An.
67 228 95 256 c.
120 224 185 255 ¹076

28 916 147 937 amittimus

188 347 213 381 A
220 346 419 390 pprobaneur
442 346 604 386 instituta,
631 343 873 379 constitutiones
893 348 921 377 et

235 400 432 432 monasteria
452 398 648 431 monialium
664 398 722 430 sub
739 397 923 430 denomina-

235 453 320 484 tione
343 451 554 485 Actor-ationis
577 451 756 493 Perpernae
779 450 834 483 SS.
865 451 922 483 Sa-

234 505 403 543 eminenti,
422 514 505 546 quae
528 504 596 535 iam
615 503 651 535 in
665 503 774 545 renuis
795 503 924 536 Galliae

235 563 310 588 sunt
334 560 445 594 eret-tu,
463 561 490 588 el
507 556 543 587 in
559 560 722 598 posterum
745 556 921 597 criycnlur,

235 608 408 650 eademque
451 607 672 640 subiiciunlur
717 607 924 639 immediatae

234 666 364 693 sanctae
376 661 464 693 Sedis
484 661 508 693 A
514 659 689 703 poslolz'cac
703 660 893 702 protectioni
902 659 920 692 ¹.

366 739 561 767 Innocentius
581 739 750 772 Episcopus,

385 791 490 811 servus
506 790 658 810 servorum
672 784 734 813 Dei,

307 828 343 855 ad
363 831 538 862 perpetuam
559 827 604 854 rei
625 827 806 854 memoriam.

238 898 401 931 Militantis
426 897 586 930 Ecclesiae
618 897 767 939 regimini
801 896 948 929 meritis*

195 950 272 984 licet
295 951 473 993 imparibus
498 960 556 992 per
579 949 774 982 iuctl'abileiu
800 950 924 982 divinae

195 1003 374 1046 sapientiae
388 1009 483 1045 atque
497 1003 686 1035 clementiae
698 1003 924 1035 abundantiam

194 1056 394 1099 praepositi,
414 1055 500 1094 illis,
526 1054 629 1098 quae‘z
653 1065 710 1098 pro
733 1055 925 1087 sanctissimi

194 1108 414 1141 Eucharistiae
433 1107 640 1140 sacramenti³
653 1108 753 1150 (quod
774 1107 926 1140 Dominus

195 1166 309 1193 noster
333 1161 421 1193 lesus
447 1160 592 1193 Christus
623 1160 654 1192 in
686 1160 799 1192 ultima
824 1159 927 1193 Coena

196 1213 326 1255 quando
343 1212 464 1245 Pascha
482 1222 554 1244 cmn
573 1211 740 1255 discipulis
765 1212 927 1244 celebrato

196 1265 388 1297 transiturus
414 1269 483 1296 crat
507 1264 545 1296 de
572 1264 633 1296 hoe
658 1265 778 1297 mundo
804 1265 841 1296 ad
872 1265 929 1297 Pa-

197 1323 277 1350 trem
297 1323 456 1359 tamquam
472 1316 632 1349 Passionis
649 1327 724 1349 suae
743 1317 928 1349 memoriale

196 1369 498 1413 perennc,utintlc'
517 1369 635 1400 arctius
659 1369 827 1401 charitatis
853 1381 928 1402 suae

196 1422 396 1455 immensitas
428 1422 570 1454 fidelium
603 1422 754 1454 cordibus
780 1422 930 1464 inligcrc-

197 1481 258 1514 tur,
284 1475 435 1512 instituit)
454 1475 518 1517 iugi
537 1474 738 1514 adoratione,
758 1475 789 1507 in
810 1476 930 1517 aliqua-

197 1528 261 1559 lem
285 1527 557 1570 blasphemiarum
590 1532 643 1558 aut
668 1526 802 1559 aliarum
823 1527 931 1569 impie-

198 1585 308 1619 tatum,
327 1590 405 1622 quas
418 1579 531 1611 nefarii
552 1579 698 1612 homines
717 1585 827 1612 contra
845 1579 929 1611 idern

198 1637 431 1665 sacramentum
467 1633 667 1665 committere
699 1643 769 1678 non,
795 1643 930 1674 expave-

198 1690 313 1723 scunt,
341 1684 580 1728 reparationem
612 1685 666 1727 pia
690 1685 832 1717 eiusdem
859 1695 929 1716 san-

199 1737 331 1769 ctissimi
349 1737 542 1769 sacramenti
561 1737 734 1769 amantium
751 1737 929 1769 animarum

199 1789 426 1822 adinventione
441 1789 587 1820 instituta
600 1789 758 1829 dicuntur,
777 1799 840 1821 non
862 1799 930 1831 pos-

200 1851 320 1882 sumus,
335 1842 524 1885 praesertim
546 1852 616 1874 cum
634 1841 685 1883 pia
700 1841 930 1874 catholicarum

200 1895 386 1937 reginarum
412 1899 483 1927 vota
507 1900 695 1936 exposcunt,
720 1894 859 1926 savorem
880 1895 931 1926 he-

200 1947 353 1979 nevolum
375 1957 441 1979 non
466 1946 632 1989 impertiri,
657 1956 770 1988 eaque,
790 1951 824 1978 ut
843 1946 932 1977 firma

201 2010 332 2042 semper
349 2004 381 2032 et
400 1999 523 2032 illibata
541 2005 763 2042 perseverent,
780 2004 812 2031 et
828 1999 932 2041 quoad

201 2050 271 2084 fieri
289 2052 409 2095 poterit
426 2051 546 2084 maiora
563 2051 594 2082 in
613 2051 681 2083 dies
699 2051 875 2094 suscipiant
893 2051 933 2082 in-

202 2110 376 2144 crementa,
387 2104 555 2147 apostolici
570 2104 757 2136 muniminis
772 2103 934 2146 pracsidio

202 2167 268 2189 non
286 2157 507 2192 constabilire.
528 2167 565 2188 ac
589 2155 793 2195 monasteria,
812 2156 843 2187 in
866 2155 935 2197 qui-

202 2210 262 2242 bus
287 2209 445 2242 moniales
471 2212 648 2251 perpetuae
666 2207 718 2240 SS.
738 2207 935 2240 Sacrameuti

203 2262 383 2295 adorationi
420 2261 603 2294 huiusmodi
636 2265 710 2293 voto
741 2260 873 2302 speciali
903 2270 936 2291 se

241 2325 250 2350 1
270 2323 413 2351 Consimile
427 2322 576 2349 institutum
593 2321 755 2348 Clericorum
769 2320 937 2356 Regularium

203 2368 333 2395 Minorum
361 2375 429 2394 anno
458 2372 611 2393 uotxxxvux
634 2365 794 2400 approbavit
819 2366 842 2398 (ι
867 2364 937 2397 iulii)

205 2413 295 2439 Sixtus
314 2412 331 2438 V
352 2412 377 2438 in
398 2411 455 2438 eius
474 2410 563 2436 Const.
583 2415 671 2435 cxxvu
692 2408 744 2444 (αἰ,
762 2409 813 2442 81)
833 2408 938 2434 Sacrae

205 2457 374 2491 Reliqionis‚
396 2460 459 2482 tom.
476 2461 517 2486 ix,
538 2461 596 2488 pag.
617 2453 643 2479 5.

240 2501 257 2526 2
270 2499 336 2525 Male
347 2499 389 2525 ed.
403 2498 480 2525 Μαίη.
492 2498 509 2523 l.
522 2497 625 2530 illique
636 2503 683 2530 pro
695 2496 754 2522 illis
764 2503 838 2530 quac
849 2496 936 2525 (asc).

241 2543 258 2571 3
277 2543 348 2570 Edit.
374 2542 452 2569 lllaiu.
480 2540 544 2576 tegit
570 2540 749 2567 sanctissimo
770 2559 776 2566 .
792 2559 796 2565 .
813 2560 818 2567 .
838 2547 937 2566 sucru-

207 2590 298 2617 meuto
310 2592 348 2623 (a.
364 2588 412 2622 ¹12).

766 210 977 251 moneamus
999 216 1037 249 xi*
1054 225 1101 249 pr.

964 273 1123 314 addicunt,
1139 267 1201 305 iani
1217 270 1335 313 erecta,
1350 267 1454 316 'atque'
1471 263 1624 314 deinceps
1641 271 1693 303 he-

963 326 1134 359 nedicente
1158 326 1293 360 Domino
1319 326 1493 369 erigentur,
1515 334 1692 367 eorumque

965 378 1148 421 superiores
1170 384 1202 411 et
1224 389 1381 422 personas
1399 388 1615 421 quascumque
1637 386 1695 419 op-

965 431 1112 473 portunis
1138 431 1299 464 favoribus
1317 436 1348 464 et
1368 431 1477 473 gratiis
1498 440 1562 462 non
1582 439 1695 472 prose-

966 483 1030 525 qui,
1056 488 1153 526 prout
1178 484 1215 516 ad
1242 483 1394 516 Altissimi
1418 483 1547 516 laudem
1572 487 1603 514 et
1627 482 1696 523 glo-

967 535 1056 574 riam,
1071 540 1102 568 et
1114 536 1292 568 animarum
1309 538 1452 575 salutem,
1471 546 1506 567 ac
1523 534 1694 577 specialem

967 589 1141 620 multorum
1170 587 1426 621 christifidelium
1447 587 1697 620 consolationem

967 640 1183 683 conspicimus
1200 640 1232 672 in
1250 640 1383 673 Domino
1401 640 1577 674 salubriter
1600 650 1696 682 expe-

967 693 1048 724 dire.

1011 746 1024 788 g
1049 745 1079 776 ι1.
1106 745 1256 777 Exhibita
1280 745 1437 789 siqnidem
1469 745 1564 778 nobis
1592 752 1889 797 nuperingff:·[15¹zuftnjfi3

968 807 1027 839 pro
1059 802 1149 840 parte
1181 798 1365 830 carissimae
1396 798 1427 829 in
1459 797 1585 829 Christo
1611 796 1695 829 filiae
1709 805 1793 850 ...an-rs.
1806 810 1890 824 enarra-

968 855 1097 882 nostrae
1130 850 1245 882 Mariae
1280 850 1430 882 Tei-osiae
1462 849 1616 881 Franciae
1641 859 1694 881 re-

969 902 1060 943 ginae
1085 902 1371 934 christianissimae
1405 902 1517 944 petitio
1554 901 1699 933 contine-

969 955 1034 993 bat,
1061 955 1146 997 quod
1172 955 1248 987 alias
1273 956 1375 987 clarae
1401 953 1575 986 memoriae
1610 954 1699 985 Anna

971 1007 1136 1039 Austriaca
1162 1007 1317 1039 carissimi
1343 1007 1492 1039 similiter
1516 1006 1549 1037 in
1573 1005 1700 1040 Christo

971 1058 1027 1091 lilii
1056 1059 1155 1091 nostri
1186 1059 1334 1092 Ludovici
1359 1059 1423 1091 xlv
1446 1059 1641 1090 Francorum
1669 1061 1701 1089 et

970 1111 1126 1144 Navarrae
1151 1112 1236 1154 regis
1257 1111 1516 1144 christianissimi
1534 1115 1636 1143 mater
1653 1110 1700 1151 (in

971 1164 1078 1196 animo
1095 1164 1212 1196 afflicto
1231 1168 1260 1196 et
1278 1164 1418 1196 contrito
1436 1163 1604 1195 revolvens
1623 1167 1699 1194 tem·

971 1216 1070 1258 pora*²
1095 1218 1265 1256 bellorum,
1284 1227 1364 1259 quae
1386 1226 1443 1258 per
1468 1220 1513 1247 tot
1536 1224 1638 1247 annos
1655 1224 1702 1246 re-

973 1279 1070 1310 gnum
1099 1268 1219 1301 Galliac
1242 1274 1273 1301 et
1298 1268 1374 1300 alias
1404 1268 1523 1299 vicinas
1554 1266 1703 1299 christia-

974 1332 1085 1353 norum
1111 1321 1294 1364 principum
1328 1321 1476 1362 regiones
1502 1320 1702 1358 infestarunt,

973 1373 1142 1405 inmunera
1171 1372 1350 1414 sacrilegia,
1376 1372 1567 1414 impietates,
1596 1372 1704 1414 prosa-

974 1425 1120 1457 uationes
1138 1430 1168 1456 ct
1187 1424 1407 1466 blasphemias
1426 1425 1464 1456 ab
1482 1423 1637 1456 effrenata
1650 1423 1703 1454 nii·

976 1477 1064 1508 litum
1090 1477 1231 1515 licentia,
1254 1482 1285 1508 et
1308 1477 1347 1508 ab
1372 1475 1479 1518 impiis
1505 1474 1702 1513 hominibus,

975 1529 1207 1570 sceleratisque
1241 1529 1414 1561 haereticis
1442 1538 1519 1570 erga
1543 1527 1706 1559 sanctissi-

975 1591 1061 1612 mum
1087 1587 1117 1613 et
1141 1581 1402 1622 augustissimum
1420 1579 1638 1612 Eucharistiae
1659 1589 1706 1610 sa-

975 1638 1173 1665 cramentum
1193 1633 1363 1665 commissa
1382 1638 1412 1664 et
1430 1637 1616 1674 perpetrata
1634 1630 1706 1662 suis-

975 1696 1006 1717 se
1019 1711 1026 1723 ‚
1041 1690 1072 1716 et
1087 1695 1122 1716 cx
1138 1695 1290 1727 perverso
1305 1685 1365 1716 iam
1383 1685 1465 1716 sacto
1482 1683 1593 1715 habitu
1608 1683 1704 1714 etiam

976 1737 1093 1769 indies
1118 1737 1308 1780 perpetrari,
1333 1742 1364 1769 et
1388 1736 1595 1768 considerans
1620 1734 1705 1777 quod

975 1790 1094 1821 Galliae
1123 1790 1233 1832 populi
1258 1789 1414 1832 peculiari
1440 1798 1568 1830 semper
1592 1786 1706 1819 all'ectu

976 1849 1007 1875 et
1024 1842 1194 1875 devotione
1213 1842 1291 1874 illud
1312 1845 1546 1874 sacramentum
1565 1839 1706 1872 venerati

977 1897 1111 1935 fuerant,
1137 1896 1284 1938 adeoque
1314 1895 1383 1927 aliis
1409 1893 1576 1926 catholicis
1604 1892 1707 1924 natio-

978 1950 1070 1981 nibus
1103 1950 1250 1992 exemplo
1283 1946 1531 1990 praeiverant³)
1563 1945 1642 1978 illud
1674 1945 1707 1976 in

978 2002 1239 2045 processionibus
1260 2000 1397 2044 publicis
1421 1999 1533 2042 populi
1556 1996 1707 2030 catholici

979 2054 1156 2087 adorationi
1191 2052 1347 2086 offerendi
1379 2057 1409 2085 ct
1439 2050 1611 2083 exhibendi
1636 2054 1707 2081 voto

979 2107 1108 2150 speciali
1127 2117 1159 2139 se
1180 2107 1261 2139 adeo
1283 2105 1452 2137 adstrinxit
1467 2103 1637 2145 aliqualem
1662 2107 1709 2134 tot

980 2162 1137 2192 malorum
1173 2165 1205 2191 et
1238 2157 1436 2200 impietatum
1468 2155 1709 2198 reparationem

980 2218 1132 2255 quantum
1151 2212 1219 2254 ipsa
1236 2211 1301 2242 Deo
1320 2209 1491 2241 auxiliante
1516 2212 1623 2250 posset
1640 2216 1709 2249 pro-

981 2264 1138 2296 curando:
1156 2263 1251 2300 uude,
1272 2261 1441 2303 assumptis
1459 2269 1567 2292 secum
1585 2259 1617 2291 in
1635 2269 1709 2291 con·

982 2317 1089 2349 silium
1116 2320 1148 2347 et
1186 2324 1317 2357 operam
1350 2312 1514 2345 nonnullis
1547 2311 1709 2344 nobilibus

1017 2405 1026 2429 1
1046 2403 1136 2429 Potius
1152 2402 1210 2436 lege
1220 2405 1246 2429 el
1257 2409 1340 2435 quae,
1352 2400 1391 2427 vel
1409 2403 1501 2435 postea
1511 2399 1647 2433 eriyenda
1662 2406 1709 2433 pro

981 2449 1130 2479 ermentei·
1143 2447 1182 2480 (u.
1203 2446 1252 2480 T.)-

1015 2494 1030 2517 2
1048 2491 1137 2517 Potius
1153 2491 1210 2523 lege
1225 2493 1350 2523 tempore
1366 2495 1401 2514 1R.
1417 2489 1464 2519 Τ.),

1015 2535 1030 2561 3
1051 2534 1121 2561 Edit..
1138 2533 1216 2560 ittam.
1236 2533 1299 2568 legit
1319 2533 1502 2568 perniverunt
1517 2539 1564 2566 pro
1576 2530 1709 2566 praeive-

955 2597 962 2617 1
982 2583 1049 2608 runc
1069 2580 1105 2615 (R.
1121 2578 1168 2615 12).

1610 212 1652 247 ⁶29
1697 212 1748 249 ih.
1768 220 1797 249 e.
1815 219 1884 248 une
