2111 3157
1 239 50 267 An.
69 238 98 266 C.
117 237 184 265 1688

188 287 359 320 occasione
392 287 513 322 decreti
546 289 810 333 Congregationis
845 295 919 322 tunc

187 339 389 373 existentium
415 341 445 374 S.
473 341 510 375 R.
536 342 571 375 E.
589 343 797 376 cardinalium
818 343 917 375 sacris

185 392 302 425 ritibus
341 394 619 437 praepositorum,
651 396 702 429 die
737 407 756 429 v
794 396 917 438 augusti

185 454 316 479 unctxu
340 447 488 487 emanati,
516 452 548 481 et
578 449 617 480 ab
643 448 711 492 ipso
736 449 917 481 Alexandro

185 499 437 540 praedecessore
464 501 646 544 approbati,
674 502 712 534 de
737 511 802 534 non
827 501 914 534 cele-

183 549 349 584 lebrandis
385 552 490 585 missis
522 553 748 586 defunctorum
770 553 801 585 in
827 553 914 586 sestis

182 601 265 635 ritus
289 603 436 646 duplicis,
462 611 572 638 exorta
596 606 749 638 dirimere
768 606 913 648 cupiens,

182 653 267 687 inter
280 661 396 697 cetera,
413 658 520 701 quoad
534 658 645 691 altaria
658 657 829 700 privilegio
843 668 914 701 apo-

181 708 297 741 stolico
317 720 375 752 pro
400 710 567 744 animabus
588 710 730 743 fidelium
748 711 915 745 defuncto-

180 769 251 793 rum
277 761 309 793 in
334 767 524 806 perpetuum
550 763 713 803 decorata,
738 770 769 796 et
793 764 825 795 in
846 764 912 806 qui-

178 812 239 845 bus
273 814 410 857 proinde
446 815 591 858 quotidie
624 816 721 848 etiam
759 816 790 847 in
824 815 911 848 sestis

177 864 257 898 ritus
284 865 421 910 duplicis
446 868 659 901 celebrandae
684 868 819 900 fuissent
835 868 912 900 mis-

175 926 229 950 sac
255 918 477 952 defunctorum
503 930 539 952 ex
565 920 776 963 obligatione,
803 920 910 953 decla-

174 976 302 1004 raverat
325 982 384 1015 per
407 972 659 1006 celebrationem
679 974 847 1006 missarum
869 973 908 1006 de

174 1022 258 1055 sesto
282 1025 423 1058 currenti
448 1026 597 1059 satisfieri
621 1026 773 1059 iniunctis
791 1027 908 1069 obliga-

173 1076 324 1118 tionibus,
346 1085 377 1112 et
397 1078 621 1122 indulgentias,
643 1090 702 1123 per
723 1080 906 1113 huiusmodi

172 1130 340 1174 privilegia
357 1133 536 1175 apostolica
548 1143 725 1174 concessas,
738 1133 906 1166 animabus

781 241 990 266 INNOCENTIUS
1013 242 1041 266 Χ]
1068 243 1116 266 FP.

959 291 1027 323 sola
1051 289 1193 324 fidelium
1218 290 1387 325 devotione
1405 291 1616 326 celebrandae
1642 305 1691 327 es-

960 348 1043 383 sent,
1064 343 1325 387 suffragarentur,
1343 345 1385 378 ita
1404 351 1439 377 ut
1462 346 1588 379 animae
1609 347 1691 379 chri-

960 392 1164 434 stifidelium,
1193 404 1252 437 pro
1282 395 1397 437 quibus
1425 395 1686 438 celebrarentur,

960 445 1179 489 indulgentias
1212 457 1272 490 per
1306 448 1475 491 privilegia
1508 449 1689 484 huiusmodi

958 508 1128 532 concessas
1143 507 1428 544 consequerentur,
1447 502 1478 534 in
1498 504 1646 537 omnibus
1659 510 1690 538 et

958 561 1018 594 per
1041 553 1158 592 omnia,
1173 554 1308 596 perinde
1333 565 1369 587 ac
1393 556 1418 588 si
1444 555 1559 589 missae
1578 557 1690 589 desun-

957 610 1081 637 ctorum
1106 606 1144 638 ad
1172 606 1307 640 sormam
1332 609 1519 642 eorumdem
1557 610 1688 652 privile-

956 657 1082 698 giorum
1108 660 1290 693 celebratae
1316 661 1469 702 tuissent,
1497 663 1607 696 eadem
1633 675 1687 697 au-

955 710 1103 743 ctoritate
1121 713 1279 745 concessit
1305 719 1335 746 et
1360 714 1511 755 indulsit;
1539 721 1570 748 et
1594 717 1685 757 alias,

955 768 1051 804 prout
1076 764 1107 796 in
1132 765 1235 808 ipsius
1261 765 1432 799 Clementis
1457 770 1688 810 praedecesso-

953 814 997 847 ris
1011 816 1136 856 litteris,
1152 818 1247 850 etiarn
1263 819 1294 851 in
1311 819 1411 852 forma
1425 820 1531 855 Brevis
1543 822 1593 855 die
1610 834 1686 857 xxm

953 869 1145 910 septembris
1177 880 1313 904 iincrxtx
1339 872 1477 915 desuper
1501 876 1682 917 expeditis,

952 930 1087 962 quarum
1110 928 1142 954 et
1166 924 1381 965 praefatarum
1400 926 1570 959 Alexandri
1593 938 1686 970 prae-

951 974 1157 1008 decessorum
1183 977 1360 1009 litterarum
1387 983 1515 1011 tenores
1536 989 1684 1022 praesen-

950 1027 1034 1060 tibus
1059 1038 1117 1071 pro
1141 1029 1237 1071 plene
1260 1035 1290 1062 et
1309 1030 1506 1063 sufficienter
1523 1033 1682 1075 expressis

950 1085 981 1112 et
1000 1080 1129 1113 insertis
1154 1081 1266 1114 haberi
1286 1082 1441 1123 volumus,
1460 1084 1589 1117 uberius
1607 1096 1683 1118 con-

949 1133 1079 1166 tinetur.

1589 235 1652 270 915
1698 246 1747 273 An.
1768 245 1797 273 c.
1816 247 1882 274 1688

991 1186 1005 1229 ἓ
1030 1186 1061 1219 2.
1093 1186 1170 1220 Cum
1206 1192 1313 1220 autem
1350 1190 1552 1231 postmodum
1568 1218 1575 1231 ‚
1600 1191 1681 1224 sicut
1705 1205 1874 1227 sunamidem

1705 1233 1861 1257 intrumentum·

948 1239 1138 1282 accepimus,
1158 1249 1275 1272 norum
1293 1240 1377 1274 circa
1398 1243 1609 1284 praemissum
1629 1255 1738 1287 eit-esse
1755 1259 1779 1289 ·¹,‡·
1799 1259 1875 1280 ait-mm

948 1292 1078 1324 citatum
1104 1292 1201 1324 suerit
1226 1293 1366 1333 dubium,
1391 1293 1540 1327 videlicet
1565 1307 1604 1328 an
1629 1285 1797 1329 su-'n'pe‘¹'¹'*
1830 1288 1875 1311 ‘¹¹¹¹'

172 1182 313 1216 fidelium
332 1185 554 1218 detunctorum
573 1186 605 1218 in
630 1185 820 1229 Purgatorio
843 1186 906 1219 exi-

170 1236 329 1269 stentibus
353 1237 538 1281 suffragari,
564 1239 700 1282 perinde
725 1249 759 1271 ac
778 1238 802 1270 si
821 1239 906 1271 cele-

170 1288 280 1322 bratae
313 1290 446 1324 fuissent
471 1291 588 1325 missae
617 1292 840 1325 defunctorum
866 1292 905 1326 ad

1693 1311 1753 1333 dem.
1775 1313 1811 1331 sed
1834 1318 1874 1333 uon

171 1341 304 1376 sormam
319 1344 479 1377 dictorum
494 1345 749 1388 privilegiorum)
761 1346 906 1378 recolen-

170 1397 228 1431 dae
254 1397 427 1430 memoriae
452 1396 600 1431 Clemens
622 1396 706 1440 Papa
730 1397 768 1429 tx
785 1397 905 1440 pariter

168 1450 405 1494 praedecessor
428 1456 539 1484 noster
562 1450 656 1483 aliam
682 1450 818 1483 subinde
850 1461 903 1483 or-

170 1508 232 1536 tam
259 1503 504 1544 dubitationem,
529 1508 633 1537 utrum
658 1503 783 1536 scilicet
807 1504 904 1538 dicta-

169 1566 240 1589 rum
255 1556 427 1589 Alexandri
442 1557 705 1600 praedecessoris
722 1557 902 1589 litterarum

171 1608 342 1652 dispositio
361 1609 466 1652 quoad
484 1609 597 1642 altaria
624 1610 747 1652 pariter
772 1608 903 1652 quidem

165 1661 385 1705 privilegiata,
413 1662 469 1695 sed
489 1671 552 1695 non
570 1662 602 1695 in
620 1668 824 1706 perpetuum,
845 1672 904 1695 nec

170 1724 232 1758 pro
255 1715 405 1748 omnibus
431 1715 654 1749 hebdomadae
674 1715 796 1755 diebus,
813 1721 846 1748 et
864 1715 903 1747 ad

171 1777 251 1811 quae
278 1768 394 1800 missae
420 1778 485 1800 non
503 1778 539 1801 ex
559 1768 768 1810 obligatione,
792 1768 847 1801 sed
867 1778 902 1800 ex

170 1821 238 1853 sola
255 1820 397 1854 fidelium
412 1821 583 1854 devotione
600 1821 905 1861 celebrarentur-,lo-

171 1883 242 1906 cum
260 1873 403 1913 haberet,
419 1874 688 1907 similitertollere
703 1874 903 1913 desiderem,

172 1926 442 1968 declarationem,
473 1938 490 1960 a
522 1933 698 1960 memorato
723 1928 905 1962 Alexandro

172 1979 434 2023 praedecessore,
448 1980 762 2023 sicutpraemittitur,
777 1981 903 2020 editam,

172 2033 211 2066 ad
230 2033 354 2074 altaria,
379 2039 413 2066 ut
436 2034 630 2077 praefertur,
648 2044 713 2068 non
739 2034 770 2066 in
792 2044 906 2077 perpe-

175 2091 274 2126 tuum,
290 2086 347 2119 sed
361 2086 400 2119 ad
423 2088 640 2130 septennium,
661 2098 715 2120 seu
734 2087 819 2121 aliud
834 2087 905 2120 bre-

172 2139 242 2172 vius
259 2140 308 2172 vel
333 2139 462 2182 longius
492 2145 630 2183 tempus,
657 2150 693 2172 ac
721 2149 784 2174 non
806 2140 838 2173 in
864 2150 902 2173 o-

172 2191 314 2233 mnibus,
335 2192 392 2227 sed
409 2192 518 2235 aliquo
536 2194 585 2226 vel
603 2193 765 2236 aliquibus
783 2199 906 2226 tantum

173 2244 398 2278 hebdomadae
423 2245 546 2286 diebus,
566 2251 640 2278 tunc
658 2252 689 2278 et
714 2246 745 2278 in
764 2247 905 2279 futurum

175 2297 445 2342 quandocumque
470 2298 689 2341 privilegiata,
714 2300 906 2333 auctoritate

175 2350 351 2394 apostolica
369 2350 532 2391 extendit,
559 2355 591 2383 et
614 2351 761 2393 proinde,
779 2357 814 2383 ut
830 2352 907 2384 mis-

175 2412 245 2443 sae,
271 2412 352 2446 quae
378 2403 498 2436 ibidem
525 2403 564 2436 de
594 2403 678 2436 sesto
707 2405 847 2437 currenti
874 2405 906 2437 in

177 2465 239 2499 quo
263 2455 376 2489 missae
402 2456 625 2489 defunctorum
650 2456 808 2490 celebrari
841 2468 907 2490 non

178 2514 329 2552 possent,
359 2508 423 2541 sive
457 2519 493 2541 ex
524 2508 745 2552 obligatione¹
770 2509 837 2543 sive
870 2521 906 2543 ex

214 2577 225 2603 ¹
244 2577 335 2604 Verba
348 2578 406 2605 sive
425 2585 460 2605 σω
474 2578 648 2612 obliqacione
662 2577 786 2607 addimus
801 2587 833 2607 ex
849 2579 908 2606 loco

179 2621 272 2672 ¹parall.
294 2625 357 2649 torn.
379 2629 440 2657 xvii,
463 2631 521 2658 pag,
543 2623 594 2649 8⁶22
614 2623 628 2650 b
648 2625 688 2658 (n.
705 2623 752 2658 τ.).

947 1343 1108 1387 predictae
1134 1345 1307 1378 Alexandri
1332 1351 1363 1378 et
1388 1346 1563 1379 Clementis
1589 1359 1664 1391 prae

947 1398 1154 1431 decessorum
1169 1398 1403 1432 declarationes
1420 1400 1479 1432 sibi
1499 1402 1618 1443 pariter
1635 1404 1681 1436 lo-

947 1461 1017 1484 cum
1045 1450 1245 1484 vindicarent
1276 1452 1370 1484 etiam
1389 1453 1420 1486 in
1442 1454 1554 1486 diebus
1580 1455 1681 1488 domi-

947 1502 1025 1535 nicis
1049 1509 1082 1535 et
1105 1503 1186 1536 infra
1204 1509 1331 1537 octavas
1348 1504 1509 1538 paschatis
1528 1507 1682 1540 Resurre-

947 1556 1074 1596 ctionis,
1091 1556 1295 1589 Pentecostes
1321 1563 1351 1590 et
1375 1557 1526 1601 Corporis
1548 1559 1678 1599 Christi,

947 1609 1084 1652 aliisque
1117 1609 1191 1641 anni
1233 1610 1368 1650 diebus,
1396 1611 1511 1653 quibus
1529 1638 1536 1651 ,
1563 1612 1637 1645 licet
1662 1624 1679 1645 a

947 1662 1028 1695 sesto
1054 1662 1174 1705 duplici
1200 1672 1265 1695 non
1303 1663 1545 1706 impediantur,
1572 1666 1680 1697 adhuc

947 1720 1052 1748 tamen
1078 1715 1194 1748 missae
1221 1715 1444 1749 defunctorum
1478 1717 1563 1750 iuxta
1584 1718 1679 1750 ritum

947 1773 977 1800 et
994 1777 1115 1801 morem
1132 1767 1293 1801 Ecclesiae
1318 1768 1475 1806 celebrari
1500 1776 1678 1812 nequeunt,

947 1827 1105 1865 qnatenus
1132 1821 1283 1855 nimirum
1308 1822 1433 1861 missae,
1457 1833 1536 1865 quas
1559 1823 1596 1855 iis
1614 1824 1679 1856 die-

947 1874 1006 1909 bus
1031 1875 1196 1907 celebrare
1227 1874 1321 1914 licet,
1355 1878 1480 1908 servata
1512 1877 1678 1919 ceteroqui

947 1927 1105 1960 dictorum
1132 1927 1374 1970 privilegiorum
1401 1929 1565 1969 sormffiad
1591 1940 1680 1972 prae-

948 1981 1009 2013 fata
1033 1982 1144 2014 altaria
1177 1981 1379 2024 privilegiata
1404 1982 1674 2023 celebrarentur;

948 2044 1073 2076 nosque,
1106 2033 1237 2066 dubium
1278 2034 1462 2066 huiusmodi
1495 2034 1679 2078 Congrega-

948 2086 1027 2118 tioni
1064 2086 1296 2119 venerabilium
1328 2087 1460 2118 fratrum
1496 2093 1679 2120 nostrorum

947 2139 978 2172 S.
998 2139 1035 2172 R.
1059 2139 1090 2172 Ε.
1110 2139 1323 2172 cardinalium
1340 2139 1440 2173 sacris
1458 2140 1572 2172 ritibus
1593 2151 1680 2183 prae-

948 2193 1124 2236 positorum
1144 2193 1389 2225 examinandum
1408 2193 1680 2234 commiserimus,

948 2256 983 2280 ac
1014 2246 1126 2279 eadem
1151 2246 1363 2278 cardinalium
1389 2245 1614 2290 Congregatio,
1645 2257 1679 2280 re

949 2304 1074 2333 mature
1107 2298 1263 2338 discussa,
1294 2309 1408 2342 nuper,
1431 2309 1490 2342 per
1510 2310 1601 2332 suum
1628 2300 1682 2332 de-

949 2358 1071 2385 cretum
1105 2352 1156 2384 die
1181 2361 1216 2384 111
1242 2351 1352 2394 aprilis
1384 2351 1529 2394 proxime
1555 2358 1681 2395 praete-

949 2405 1001 2438 riti
1027 2405 1157 2443 editum,
1172 2404 1332 2447 praefatas
1362 2405 1533 2437 Alexandri
1559 2411 1590 2438 et
1617 2405 1681 2438 Cle-

950 2458 1066 2490 mentis
1111 2457 1401 2499 praedecessorum
1445 2457 1680 2491 declarationes

949 2510 1178 2552 intelligendas
1204 2520 1274 2542 esse
1300 2520 1358 2552 pro
1383 2510 1531 2543 omnibus
1556 2511 1681 2551 diebus,

950 2563 1065 2605 quibus
1090 2562 1175 2594 iuxta
1206 2563 1349 2595 rubricas
1375 2563 1491 2595 missae
1517 2564 1682 2596 defuncto-

950 2626 1019 2649 rum
1044 2615 1204 2648 celebrari
1230 2625 1292 2647 non
1318 2620 1481 2658 poterunt,
1508 2616 1681 2659 responde-

1669 1368 1681 1373 -
1692 1339 1818 1364 duplicibus.
