2111 3157
6 205 57 233 An.
79 204 108 231 C.
128 202 193 231 1077

33 1887 149 1910 clausulae.

193 251 385 293 praedictos,
405 255 458 282 aut
477 248 687 287 dohanerios,
706 257 762 279 seu
779 247 923 279 doliana-

193 314 263 335 rum
292 308 324 335 et
348 304 547 345 gabellarum
579 299 766 333 huiusmodi
801 298 923 330 condu-

193 361 298 388 ctores
322 360 466 398 spectet,
492 355 549 387 sed
573 354 659 386 illius
683 349 859 385 declaratio
891 354 922 382 et

193 407 429 447 determinatio,
455 406 611 450 privative
635 405 675 437 ad
700 411 921 446 quoscumque

193 460 284 499 alios,
309 460 349 492 ad
373 458 664 500 Congregationem
687 455 881 489 cameralcm
906 464 923 485 a

193 511 287 545 nobis
320 515 459 543 erectam
491 515 523 542 et
547 510 731 552 deputatam
766 505 923 548 tantisper

192 564 358 606 pertinere
373 562 481 601 debet,
497 561 602 594 donec
616 565 647 593 et
662 568 830 602 quousque
854 563 923 589 taxa

192 614 432 647 immunitatum
458 613 523 646 sive
545 611 792 645 franchitiarum
815 609 924 642 huius-

191 667 289 706 modi,
310 676 369 711 pro
386 675 585 708 unoquoque
611 668 758 706 exempto
776 662 842 694 sive
866 661 924 693 iin-

191 719 292 759 muni,
306 724 417 752 nostro
431 729 487 751 seu
501 718 720 750 Romanorum
734 714 923 748 Pontificum

192 780 418 804 suceessorum
441 776 627 802 nostrorum
650 768 738 800 iussu
758 768 839 799 sacta
859 766 924 798 sue-

190 823 245 863 rit,
265 818 360 866 quam
385 822 522 854 subinde
547 826 707 864 perpetuo
732 818 850 853 servari
870 830 924 854 ro-

192 877 308 909 lumus.
335 875 375 908 Ut
398 880 503 907 autem
535 875 573 906 ab
606 874 719 906 eadem
744 872 924 913 Congrega-

192 929 281 961 tione
304 927 459 970 cognosci
477 932 508 960 et
529 925 667 959 iudicari
690 925 790 968 possit
806 934 846 957 an
871 933 922 955 res

192 990 273 1023 quae
298 979 546 1012 introducentur
573 978 638 1010 sint
660 975 924 1020 proportionatae

191 1031 326 1074 proprio
356 1031 429 1063 usui
459 1029 708 1069 introducentis,
737 1029 787 1061 vel
819 1037 925 1061 exces-

193 1085 290 1123 sivae,
309 1088 362 1116 aut
378 1084 410 1116 in
436 1083 581 1116 fraudem
603 1082 818 1120 introductae,
836 1090 925 1112 man-

194 1136 304 1169 damus
329 1141 361 1169 et
384 1136 590 1169 decernimus
618 1140 653 1167 ut
676 1133 845 1167 dohanerii
876 1142 926 1165 eo-

194 1199 332 1231 rumque
357 1188 498 1220 ministri
522 1187 669 1220 revidere
694 1187 830 1230 possint,
860 1186 924 1219 imo

194 1241 355 1281 debeant,
383 1241 521 1281 vidulos,
547 1239 713 1272 involucra
728 1266 735 1279 ‚
759 1249 870 1282 capsas
886 1243 926 1271 vet

194 1293 333 1333 arculas,
360 1292 496 1335 aliaque,
522 1292 637 1334 quibus
661 1302 714 1324 res
738 1291 925 1324 huiusmodi

193 1344 338 1378 inclusae
362 1344 492 1385 fuerint,
510 1344 625 1377 eodem
649 1345 746 1377 modo
775 1354 840 1387 quo
859 1344 925 1377 fieri

193 1398 276 1430 solet
299 1397 384 1430 eirea
399 1407 451 1430 res
474 1397 604 1430 illorum
625 1397 680 1440 qui
706 1397 796 1429 nullo
812 1396 926 1428 immu-

194 1449 303 1482 nitatis
327 1450 378 1482 vel
410 1449 625 1492 exemptionis
661 1449 831 1492 privilegio
857 1449 923 1481 sut*-

194 1502 265 1535 sulti
289 1507 381 1542 sunt;
405 1502 432 1535 si
451 1512 526 1535 vero
547 1512 599 1534 res
623 1501 743 1534 suerint
766 1501 925 1534 eiusmodi

194 1555 357 1597 qualitatis
379 1562 413 1589 ut
435 1555 468 1588 id
493 1555 562 1587 sine
588 1555 782 1587 detrimento
806 1556 854 1587 vel
879 1555 927 1586 in-

195 1609 366 1641 commodo
390 1608 462 1641 fieri
486 1613 635 1650 nequeat,
659 1618 696 1640 eo
714 1618 789 1640 casu
815 1607 927 1639 immu-

194 1671 252 1693 nes
281 1671 339 1693 seu
363 1660 502 1703 exempti
526 1661 610 1692 bona
633 1659 695 1691 side
715 1659 926 1702 quantitatem

196 1718 228 1745 et
252 1712 441 1756 qualitatem
466 1723 576 1744 rerum
602 1712 633 1743 in
659 1712 762 1754 capsis
794 1717 826 1743 et
856 1711 927 1743 aliis

195 1765 370 1809 praedictis
385 1770 609 1798 contentarum
622 1765 786 1798 declarare
809 1770 839 1796 et
857 1775 928 1807 spe-

197 1818 325 1850 cificare
349 1818 500 1850 debeant.

240 1871 255 1914 ξ
278 1871 309 1903 4.
327 1871 543 1903 Deeernentes
560 1869 681 1914 pariter
697 1869 827 1902 easdem
841 1880 927 1913 prae-

197 1930 305 1958 sentes
329 1924 463 1963 litteras,
482 1928 513 1956 et
536 1923 568 1955 in
593 1924 638 1956 eis
663 1928 813 1956 contenta
831 1933 928 1965 quac·

197 1988 348 2021 cumque,
375 1978 471 2010 etiam
491 1988 528 2010 ex
549 1987 588 2009 eo
613 1977 699 2020 quod
723 1976 926 2015 camerarius,

197 2032 315 2075 aliique
337 2031 529 2071 cardinales,
554 2030 831 2071 vicecameraffius,
858 2031 929 2062 the-

197 2086 357 2118 saurarius
375 2085 549 2128 generalis,
568 2085 733 2128 ceterique
752 2085 854 2117 dictae
875 2084 929 2117 Ca-

197 2150 305 2174 merae
330 2139 483 2173 officiales
507 2144 539 2171 et
561 2137 711 2179 ministri,
741 2139 833 2171 aliive
859 2139 927 2181 qui-

199 2205 338 2237 cumque
367 2191 508 2235 exempti
533 2197 564 2225 et
586 2191 803 2234 privilegiati,
832 2191 927 2224 etiam

199 2246 348 2291 specifica
372 2250 403 2279 et
426 2244 591 2278 individua
624 2244 790 2277 mentione
822 2249 853 2276 et
877 2254 928 2276 ex-

199 2300 369 2344 pressione
400 2298 511 2341 digni,
539 2297 572 2330 in
596 2297 782 2340 praemissis
805 2297 854 2330 ius
879 2298 927 2330 vel

200 2353 356 2386 interesse
382 2352 541 2385 habentes
567 2360 625 2383 seu
647 2351 770 2383 habere
795 2360 929 2393 quomo-

200 2405 322 2438 dolibet
345 2403 607 2447 praetendentes,
625 2402 689 2435 illis
706 2412 773 2435 non
797 2412 931 2435 consen-

200 2458 312 2497 serint,
329 2467 389 2490 nec
405 2457 444 2489 ad
470 2467 507 2489 ea
531 2455 643 2495 vocati,
663 2454 751 2488 citati
769 2460 801 2488 et
817 2454 928 2494 auditi,

201 2520 306 2553 neque
326 2520 449 2549 causae,
474 2513 611 2552 propter
635 2518 715 2551 quas
740 2513 930 2551 praesentes

1614 186 1651 197 rr

773 198 983 223 INNOCEN'HUS
1005 198 1035 221 xt
1062 198 1110 221 PP.
1615 198 1655 218 ’μω

965 245 1104 278 cisicatae
1120 246 1168 278 vel
1182 245 1343 277 ullatenus
1359 243 1548 276 iustificatae
1567 244 1693 282 suerint,

965 302 1020 329 aut
1043 308 1078 329 cx
1105 298 1166 330 alia
1190 297 1344 340 qualibet,
1369 297 1464 329 ctiam
1490 297 1693 339 quantumvis

966 350 1108 391 legitima
1124 376 1132 389 ,
1168 350 1302 382 juridica
1321 376 1328 390 ,
1356 349 1407 392 pia
1438 354 1469 381 ct
1492 348 1695 391 privilegiata

965 404 1066 440 causa,
1092 403 1211 442 colore,
1231 407 1402 444 praetextu
1420 407 1451 434 et.
1466 402 1581 444 capite,
1597 402 1694 434 etiam

966 454 998 485 in
1023 464 1158 496 corpore
1182 454 1259 486 iuris
1283 456 1402 495 clauso,
1423 455 1517 487 etium
1542 454 1695 493 enormis,

966 506 1211 538 enormissimae
1236 512 1266 538 et
1290 506 1394 539 totalis
1416 507 1578 545 laesionis,
1606 507 1695 538 nullo

967 567 1107 599 unquam
1139 563 1285 600 tempore
1321 559 1359 591 de
1395 559 1614 601 subreptionis
1647 560 1696 592 vel

966 609 1167 653 obreptionis
1196 615 1251 642 aut
1274 610 1430 643 nullitatis
1451 612 1500 643 vel
1521 611 1698 644 invalidita-

969 661 1006 693 tis
1030 661 1132 702 vitio,
1166 672 1224 694 seu
1258 662 1448 694 intentionis
1480 668 1612 695 nostrae
1647 664 1697 696 vel

967 713 1154 755 quorumvis
1169 713 1326 747 interesse
1347 714 1537 746 habentium
1561 726 1699 747 consen-

967 775 1029 805 sus,
1056 765 1156 798 aliove
1186 766 1347 808 quolibet,
1373 766 1470 798 etiam
1495 767 1699 809 quantumvis

967 828 1093 860 magno,
1112 818 1239 851 formali
1265 823 1296 851 et
1320 818 1525 851 substantiali
1552 829 1587 851 ac
1612 818 1700 851 inco-

968 870 1066 913 gitato
1098 877 1129 904 et
1159 871 1399 914 inexcogitabili
1434 871 1698 914 individuamque

968 922 1211 965 expressionem
1224 923 1413 967 requirente
1434 924 1560 957 defectu
1580 923 1698 963 notari,

968 974 1160 1018 impugnari,
1186 976 1332 1019 infringi,
1353 976 1532 1017 retractari,
1558 976 1700 1016 limitari,

967 1027 1155 1069 modificari,
1184 1029 1217 1062 in
1242 1029 1289 1062 ius
1306 1031 1355 1063 vel
1375 1029 1630 1063 controversiain
1647 1040 1701 1062 vo-

969 1082 1044 1122 cari,
1065 1088 1120 1115 aut
1143 1083 1179 1116 ad
1206 1082 1367 1116 terminos
1385 1082 1464 1117 iuris
1486 1082 1610 1123 reduci,
1644 1093 1700 1115 seu

969 1136 1122 1169 adversus
1146 1136 1218 1169 illas
1244 1119 1432 1179 aperitioiiis
1456 1136 1542 1176 oris,
1572 1136 1702 1169 restitu-

970 1189 1064 1221 tionis
1085 1189 1118 1221 in
1142 1189 1314 1232 integrum,
1332 1189 1457 1222 aliudve
1476 1189 1702 1232 quodcumque

970 1243 1059 1281 iuris,
1084 1242 1157 1275 sacti
1185 1243 1233 1275 vel
1258 1242 1380 1285 gratiae
1403 1243 1580 1275 remedium
1604 1242 1702 1285 impe-

971 1296 1044 1328 trari
1069 1295 1118 1327 vel
1142 1295 1316 1334 intentari,
1347 1300 1400 1327 aut
1423 1294 1595 1338 impetrato
1611 1322 1619 1336 ,
1646 1306 1701 1328 seu

970 1349 1064 1380 etiam
1081 1353 1180 1388 motu,
1199 1347 1345 1387 scientia,
1364 1352 1395 1379 et
1410 1348 1578 1390 potestatis
1597 1348 1702 1391 pleni-

971 1401 1080 1433 tudine
1111 1400 1245 1443 paribus
1276 1410 1432 1432 concesso
1457 1401 1506 1433 vel
1531 1406 1701 1441 emanato,

971 1453 1154 1496 quempiam
1172 1452 1203 1484 in
1229 1451 1348 1485 iudicio
1373 1452 1422 1484 vel
1444 1458 1531 1484 extra
1558 1453 1638 1486 illud
1658 1454 1701 1485 uti

970 1517 1026 1538 seu
1051 1518 1084 1538 se
1110 1506 1217 1538 iuvare
1241 1506 1309 1538 ullo
1335 1505 1431 1537 modo
1456 1516 1572 1548 posse,
1595 1516 1702 1549 neque

968 1559 1057 1601 ipsas
1082 1563 1268 1601 praesentes
1300 1557 1422 1590 litteras
1452 1558 1510 1590 sub
1536 1558 1702 1601 quibusvis

970 1611 1119 1643 similium
1138 1612 1187 1644 vel
1208 1610 1412 1643 dissimilium
1437 1610 1702 1643 constitutionum

971 1670 1002 1695 et
1025 1663 1265 1696 ordinationum
1282 1662 1554 1703 revocationibus,
1572 1674 1704 1706 suspen-

971 1715 1125 1754 sionibus,
1135 1714 1391 1753 limitationibuS,
1407 1714 1516 1746 aliisve
1530 1715 1702 1747 contrariis

971 1768 1238 1811 dispositionibus
1270 1767 1537 1809 quandocumque
1569 1773 1600 1800 et
1629 1778 1704 1810 quo-

972 1821 1209 1863 modocumque
1233 1820 1328 1853 etiam
1359 1830 1418 1862 per
1452 1819 1535 1852 viam
1566 1821 1648 1862 legis
1673 1825 1704 1853 et

971 1873 1210 1906 constitutionis
1236 1872 1397 1916 generalis
1421 1883 1475 1905 seu
1499 1874 1608 1905 statuti
1632 1884 1705 1916 per-

971 1927 1060 1970 petui
1088 1927 1243 1959 faciendis
1274 1936 1416 1968 unquam
1448 1926 1702 1968 comprehensas

971 1979 1107 2018 censeri,
1124 1979 1180 2012 sed
1200 1989 1327 2021 semper
1346 1978 1384 2011 ab
1401 1974 1470 2010 illis*
1483 1984 1644 2020 exceptas,
1660 1984 1703 2017 et,

971 2032 1096 2075 quoties
1119 2032 1193 2064 illae
1210 2030 1415 2070 emanabunt,
1435 2030 1529 2063 toties
1548 2030 1581 2062 in
1601 2030 1704 2073 pristi-

1702 197 1750 220 An.
1772 193 1798 217 ti.
1821 195 1840 217 1(
1852 193 1884 218 77

971 2096 1047 2117 num
1070 2090 1102 2117 et
1124 2083 1355 2117 validissimum
1388 2087 1505 2115 statum
1540 2082 1713 2115 restitutas

972 2143 1003 2170 et
1021 2137 1180 2179 repositas
1197 2141 1229 2168 et
1252 2135 1397 2179 plenarie
1421 2135 1648 2178 reintegratas‚
1667 2146 1704 2168 ao

971 2191 1065 2224 etiam
1091 2190 1129 2222 de
1154 2199 1237 2221 novo
1254 2189 1313 2220 sub
1331 2188 1403 2220 data
1427 2187 1608 2230 posteriore
1626 2199 1704 2221 con-

972 2254 1079 2276 cessas
1104 2240 1251 2283 intelligi,
1269 2240 1444 2283 firmasque
1469 2240 1591 2273 validas
1616 2245 1647 2274 et
1664 2241 1704 2274 es-

971 2296 1086 2328 sicaces
1107 2294 1245 2326 existere
1270 2297 1302 2325 et
1324 2292 1405 2332 sore,
1423 2302 1565 2336 suosque
1590 2294 1704 2336 plena-

972 2349 1037 2381 rios
1063 2354 1094 2381 ct
1116 2347 1263 2389 integros
1289 2345 1421 2378 effectus
1454 2345 1564 2378 sortiri
1588 2352 1620 2379 et
1647 2347 1704 2380 ob-

974 2402 1097 2440 tinere,
1123 2410 1159 2433 ac
1183 2404 1222 2432 ab
1246 2399 1329 2439 illis,
1354 2399 1393 2432 ad
1419 2409 1500 2442 quos
1525 2404 1649 2443 spectat
1672 2404 1704 2432 et

974 2465 1032 2497 pro
1058 2459 1203 2496 tempore
1228 2452 1499 2495 quandocumque
1523 2452 1702 2495 spectabit,

974 2508 1006 2539 in
1031 2506 1181 2539 omnibus
1205 2509 1237 2538 et
1260 2515 1320 2548 per
1343 2505 1451 2538 omnia
1475 2505 1704 2538 inviolabiliter

202 2562 399 2604 emanarint,
425 2561 621 2595 sufficienter
651 2561 830 2602 adductae,
860 2571 932 2605 spe·
951 2587 955 2605 ¹
975 2565 1005 2593 et
1029 2560 1221 2593 inconcusse
1251 2557 1416 2592 observari
1447 2562 1479 2594 et
1507 2557 1701 2602 adimpleri,
