2111 3157
30 173 77 200 An.
94 172 122 199 C.
145 172 212 202 1678

39 960 153 982 Restitutio
163 967 195 982 so·

15 987 52 1008 lun
89 988 134 1007 retii
150 989 195 1012 qui-

14 1013 52 1034 trus
74 1014 169 1035 acieuda.

37 2280 101 2300 unius
112 2281 192 2301 eontra-

12 2308 115 2327 temnant
126 2307 191 2328 indul·

13 2335 105 2358 ‘entiae-

219 222 266 255 rei
290 224 477 256 memoriam
503 223 659 257 latissime
685 224 896 262 extendenda,
919 229 950 255 et

219 275 304 317 quod
320 278 570 318 praemissorum
588 277 730 309 omnium
755 281 786 308 et
808 276 949 317 singulo-

216 336 286 359 rum
309 327 403 360 etiam
421 328 730 368 denominationum,
749 328 946 370 qualitatum,

216 380 502 422 nuncupationum,
518 380 758 413 innovationum
771 406 778 419 ,
797 379 948 412 aliorum-

215 442 278 474 que
303 432 561 465 necessariorum
586 433 690 465 maior
706 437 737 465 et
752 432 856 464 verior
873 441 945 473 spe-

214 483 351 517 cificatio
376 491 408 517 et
427 485 593 527 expressio
618 485 684 517 fieri
710 485 811 527 possit
835 485 866 516 in
892 484 944 516 lit-

213 535 301 568 teris.
329 536 479 569 Volumus
505 541 612 568 antem
643 537 727 579 quod
749 537 816 568 sola
840 542 944 568 motus

210 587 336 630 proprii
360 588 462 620 nostri
486 588 673 621 huiusmodi
691 588 856 630 signatura
879 588 945 620 suf·

208 639 302 679 ficiat,
328 645 359 672 et
378 640 498 683 ubique
525 640 620 672 sidem
646 640 741 672 faciat
764 640 796 671 in
823 640 942 672 iudicio

209 696 242 723 et
262 697 352 724 extra
372 691 462 731 illud,
477 702 681 735 quacumque
706 693 845 724 clausula
866 702 942 724 con-

208 744 324 783 traria,
350 750 381 776 et
405 744 519 777 ceteris
545 744 801 787 quibuscumque
834 750 866 775 nt
890 755 942 776 su-

206 807 266 839 pra
295 806 361 829 non
393 797 606 836 obstantibus,
638 807 693 830 seu
727 797 751 829 si
782 797 941 829 videbitur

206 859 266 891 per
282 849 383 882 Breve
408 855 553 882 nostrum
579 860 633 882 seu
659 850 797 883 osticium
824 851 861 883 de
884 850 940 882 Cu-

205 901 253 933 ria
277 901 420 943 expediri
443 902 583 944 possint.

249 953 263 996 §
287 952 340 986 10.
368 953 427 986 Per
450 960 638 996 praesentes
659 965 734 988 vero
753 965 817 987 non
835 956 939 988 inten-

206 1006 318 1046 dimus,
336 1007 394 1039 suh
415 1007 590 1049 praemissa
614 1008 708 1050 pretii
735 1009 938 1041 restitutione

205 1059 385 1092 officiorum
416 1059 601 1092 huiusmodi
627 1061 869 1103 possessoribus
902 1062 938 1094 li-

203 1112 282 1145 bere
308 1111 474 1151 facienda,
501 1112 736 1154 comprehendi
761 1113 851 1146 illum
881 1125 936 1146 seu

203 1163 288 1203 illos,
326 1163 378 1206 qui
405 1163 532 1195 ratione
565 1164 669 1205 gravis
706 1165 818 1197 aetatis
852 1166 937 1197 iuxta

203 1222 334 1250 nostrae
352 1216 497 1249 Datariae
515 1217 623 1249 stilum
650 1223 682 1249 et
698 1218 934 1251 observantiam

203 1270 242 1302 ad
263 1269 358 1302 officii
383 1269 632 1311 resignationem
654 1271 843 1303 admittendi
880 1273 936 1303 mi-

202 1322 289 1354 nime
314 1326 439 1361 essent;
465 1321 513 1353 cui
534 1323 583 1354 vel
608 1322 724 1364 quibus
750 1330 936 1356 remaneant

202 1375 288 1406 salva
323 1384 434 1406 eorum
469 1374 538 1406 iura
582 1375 705 1417 pariter
740 1386 757 1407 a
793 1378 935 1418 praefato

201 1426 404 1459 thesaurario
429 1426 468 1458 de
493 1430 566 1459 voto
592 1426 693 1459 Rotae
726 1429 936 1461 examinanda

202 1483 234 1511 et
257 1479 449 1511 decidenda.

245 1531 358 1563 Datum
375 1530 504 1571 Romae,
523 1531 609 1574 apud
627 1531 656 1564 S.
674 1531 814 1572 Petrum,
831 1533 936 1566 kalen-

202 1583 250 1616 dis
270 1583 381 1626 aprilis
406 1592 603 1623 MDCLxxv111‚
631 1594 717 1617 anno
742 1594 778 1617 11.

235 1643 294 1670 Dat.
310 1643 354 1671 die
369 1644 382 1670 1
404 1644 494 1679 aprilis
514 1644 592 1678 1678,
609 1644 706 1679 pontif.
724 1653 794 1672 anno
808 1653 838 1673 11.

489 1784 649 1817 XXXVIII.

201 1863 441 1905 Confirmantw‘
457 1864 737 1905 confraternitates
755 1874 860 1896 omnes
877 1865 935 1897 sub

243 1916 339 1949 titulo
352 1916 502 1949 Nominis
516 1916 574 1948 Dei
591 1916 626 1947 in
640 1916 778 1948 ecclesiis
793 1918 932 1958 fratrum

244 1968 377 2002 Ordinzs
390 1968 658 2001 Praedicatorum
676 1968 849 2001 dumtaxat
863 1971 931 2002 eati-

242 2025 367 2061 stentes,
399 2020 457 2053 etsi
481 2020 518 2052 de
547 2031 659 2052 earum
691 2022 845 2054 canom‘cd
877 2032 926 2055 ere

243 2073 347 2106 ctione
371 2083 433 2105 non
454 2076 584 2105 constet.

384 2151 579 2179 Innocentius
600 2152 678 2186 Papa
698 2152 745 2186 xl,

340 2197 378 2224 ad
397 2196 529 2223 futuram
548 2196 594 2223 rei
612 2197 793 2223 memoriam.

246 2267 323 2300 Cum
347 2267 466 2299 dudum
491 2266 591 2298 felicis
607 2266 843 2299 recordationis
860 2267 933 2300 Pius

203 2320 288 2363 Papa
304 2319 350 2359 lv,
368 2319 602 2362 praedecessor
626 2324 745 2357 noster,
761 2319 935 2352 confrater-

204 2372 326 2406 nitatis¹
344 2373 403 2404 sub
424 2371 580 2404 vocabulo
596 2370 739 2404 Nominis
756 2371 825 2404 lesu
846 2372 935 2405 insti-

205 2431 302 2465 tutae,
330 2430 362 2457 et
394 2424 498 2456 ubivis
534 2429 692 2457 terrarum
729 2429 760 2456 et
790 2425 933 2458 locorum

205 2482 280 2510 tunc
300 2483 331 2510 et
351 2488 410 2520 pro
439 2483 585 2520 tempore
609 2476 751 2517 diffusae,
768 2478 933 2520 utriusque

241 2541 250 2566 1
266 2538 330 2565 Male
343 2538 384 2565 ed.
397 2538 478 2565 Main.
495 2538 558 2574 legit
576 2538 809 2572 confraternitati
829 2545 864 2571 111.
885 2540 932 2574 τ.)-

792 176 1006 201 INNOCENTIUS
1025 177 1055 200 XI
1081 178 1130 200 FP.

991 233 1084 256 sexus
1108 224 1321 257 confratribus
1357 224 1388 257 in
1414 225 1469 257 illa
1500 228 1576 256 tunc
1605 229 1637 257 et
1661 235 1720 266 pro

990 281 1136 318 tempore
1161 277 1330 320 descriptis
1363 276 1500 309 ubilibet
1524 276 1719 317 constitutis,

990 327 1054 359 sive
1072 328 1130 359 sub
1149 328 1294 361 eiusdem
1312 328 1582 362 confraternitatis
1607 330 1720 371 regula

988 380 1076 421 prius
1102 380 1196 420 edita,
1223 381 1286 414 sive
1304 383 1361 414 sub
1379 382 1441 415 alia
1459 382 1555 414 simili
1579 392 1719 424 compre-

989 431 1217 472 henderentur,
1243 439 1330 466 certa
1356 440 1429 467 tunc
1453 444 1604 477 expressa
1624 434 1718 477 pieta-

988 482 1026 514 tis
1041 494 1138 525 opera
1162 486 1402 526 peragentibus,
1421 487 1595 519 nonnullas
1613 487 1719 519 indul-

986 536 1109 577 gentias
1135 541 1166 568 et
1190 544 1393 579 peccatorum
1434 539 1643 572 remissiones
1681 550 1718 572 ac

985 588 1256 629 poenitentiarum
1288 592 1510 631 relaxationes,
1536 602 1663 624 necnon
1684 603 1718 624 a-

984 639 1042 671 lias
1069 640 1198 681 gratias,
1221 641 1387 674 facultates
1406 648 1437 675 et
1456 644 1627 686 privilegia
1642 654 1716 676 con-

984 693 1134 732 cesserit·,
1160 699 1192 726 et
1215 694 1351 727 subinde
1371 696 1518 738 (accepto
1544 707 1602 739 per
1625 707 1716 729 reco-

983 745 1096 777 lendae
1121 746 1298 779 memoriae
1324 747 1415 779 Pium
1434 748 1549 790 Papam
1574 749 1596 780 V
1622 759 1715 791 prae-

983 797 1188 830 decessorem
1200 804 1357 838 nostrum,
1369 800 1465 842 quod,
1483 801 1559 833 licet
1576 801 1713 834 societas

982 848 1124 882 Nominis
1142 850 1209 889 Dei,
1236 851 1300 883 sive
1326 851 1591 892 iuramentorum,
1617 853 1714 894 origi-

981 911 1055 934 nem
1079 908 1110 934 et
1133 908 1237 935 ortum
1262 904 1428 937 habuisset
1452 905 1490 936 ab
1515 905 1632 938 Ordine
1655 906 1715 938 fra-

983 959 1063 986 trum
1080 955 1349 994 Praedicatorum,
1362 962 1393 989 et
1412 958 1497 1000 quod
1516 957 1554 990 ab
1569 958 1712 991 eiusdem

980 1005 1108 1039 Ordinis
1134 1008 1373 1049 professoribus
1393 1009 1505 1042 fuisset
1521 1010 1665 1042 instituta
1682 1016 1714 1042 et

981 1065 1082 1097 aucta,
1108 1069 1237 1091 necnon
1261 1060 1442 1093 interventu
1473 1062 1603 1094 fratrum
1636 1062 1712 1095 dieti

980 1111 1107 1144 Ordinis
1154 1114 1272 1146 multae
1315 1114 1536 1156 indulgentiae
1585 1116 1711 1159 aliaque

980 1164 1149 1206 privilegia
1173 1171 1205 1198 et
1230 1166 1354 1199 favores
1378 1168 1481 1200 dictae
1506 1169 1650 1201 societati
1671 1170 1711 1202 ab

980 1217 1163 1257 Apostolica
1187 1217 1268 1250 Sede
1293 1219 1428 1251 fuissent
1462 1231 1631 1261 concessa,
1669 1228 1710 1254 ta-

980 1279 1050 1301 men
1077 1270 1167 1302 multi
1198 1271 1307 1303 clerici
1343 1277 1374 1304 et
1409 1273 1545 1315 parochi
1582 1274 1615 1306 in
1646 1275 1710 1308 suis

980 1322 1123 1353 ecclesiis
1148 1322 1263 1355 dictam
1288 1324 1471 1357 societatem
1494 1326 1620 1368 erigere
1646 1332 1711 1360 stu-

979 1374 1109 1414 debant,
1140 1375 1219 1407 itant
1250 1377 1426 1418 aliquando
1458 1384 1566 1411 essent
1599 1380 1710 1422 plures

978 1427 1009 1458 111
1035 1428 1147 1459 eadem
1169 1429 1294 1461 civitate
1311 1430 1480 1463 societates
1513 1442 1567 1463 seu
1585 1433 1711 1465 confra-

979 1480 1143 1513 ternitates
1183 1482 1286 1515 dictae
1322 1483 1533 1516 invocationis
1567 1485 1710 1518 Nominis

978 1532 1031 1564 Dei
1058 1539 1085 1564 01
1113 1533 1379 1574 iuramentormn,
1406 1536 1438 1567 in
1464 1536 1710 1570 diminutionem

978 1585 1202 1618 observantiae
1228 1592 1259 1618 et
1284 1588 1462 1621 devotionis
1492 1600 1572 1631 quae
1594 1601 1629 1622 ex
1648 1591 1711 1623 fre-

978 1638 1108 1679 quentia
1133 1640 1393 1672 convenientium
1417 1642 1493 1674 oriri
1518 1643 1653 1683 solebat,
1680 1650 1712 1676 et

979 1701 1043 1722 non
1068 1691 1137 1723 sine
1174 1691 1280 1734 aliqua
1315 1693 1512 1734 confusione,
1552 1706 1632 1737 quae
1669 1696 1709 1728 ob

978 1743 1173 1785 praedictam
1191 1755 1318 1777 causam
1340 1745 1371 1777 in
1390 1746 1441 1779 die
1451 1746 1709 1781 Circumcisionis

979 1795 1113 1835 Domini,
1138 1798 1266 1838 quando
1298 1798 1411 1830 festum
1444 1800 1628 1841 praedictae
1660 1811 1711 1833 so-

978 1848 1100 1880 cietatis
1139 1859 1194 1881 seu
1241 1850 1515 1883 confraternitatis
1552 1852 1709 1885 celebrari

978 1901 1135 1941 debebat,
1170 1902 1316 1935 accidere
1352 1906 1588 1947 consueverat)
1624 1906 1710 1938 idem

979 1953 1048 1985 Pius
1074 1954 1354 1996 V,p1·aedecessor
1378 1962 1496 1996 noster,
1522 1963 1610 1990 motu
1635 1968 1711 2000 pro-

979 2006 1057 2049 prio,
1092 2017 1156 2039 11011
1187 2008 1224 2040 ad
1250 2007 1384 2040 alicuius
1419 2009 1481 2041 sibi
1516 2020 1613 2052 super
1648 2011 1712 2044 1100

978 2059 1103 2091 oblatae
1139 2060 1303 2102 petitionis
1341 2061 1536 2101 instantiam,
1575 2062 1632 2094 sed
1672 2074 1708 2096 ex

978 2115 1066 2146 mera
1091 2113 1326 2145 deliberatione
1345 2118 1376 2145 et
1392 2116 1478 2146 certa
1495 2114 1627 2148 scientia
1644 2118 1710 2155 sua,

978 2178 1013 2198 ac
1038 2167 1076 2198 de
1097 2166 1292 2209 apostolicae
1311 2165 1476 2208 potestatis
1496 2167 1709 2209 plenitudine,

978 2220 1060 2262 quod
1087 2219 1118 2251 111
1144 2217 1288 2251 civitate¹
1310 2218 1436 2260 oppidis
1461 2220 1587 2252 0110015
1614 2221 1710 2253 1011115

978 2273 1066 2305 01·1)15
1092 2271 1269 2310 christiani,
1289 2270 1452 2313 inquibus
1477 2278 1588 2304 essent
1610 2275 1712 2306 eccle-

977 2325 1043 2357 siae
1068 2324 1195 2356 Ordinis
1220 2323 1487 2364 Praedicatorum,
1513 2324 1557 2356 ibi
1579 2331 1710 2365 tantuin,

977 2375 1025 2406 vel
1066 2372 1248 2405 huiusmodi
1288 2371 1478 2412 civitatibus,
1515 2374 1642 2416 oppidis
1680 2380 1712 2407 01

978 2426 1062 2465 locis,
1078 2430 1108 2458 et
1132 2425 1164 2456 in
1191 2424 1283 2457 dictis
1307 2424 1452 2457 ecclesiis
1477 2424 1602 2458 Ordinis
1620 2427 1712 2460 Prae-

977 2479 1157 2511 dicatorum
1182 2477 1345 2509 dumtaxat
1380 2476 1464 2510 dicta
1488 2478 1623 2511 societas
1655 2489 1710 2511 seu

1013 2541 1023 2565 1
1046 2538 1144 2573 Aptius
1160 2537 1218 2573 lege
1235 2538 1400 2566 civitatibus
1420 2539 1457 2577 (R.
1473 2541 1522 2577 T.).

1642 167 1683 201 91>
1729 176 1777 202 An.
1794 175 1822 203 c.
1846 175 1912 203 1078
