2111 3157
156 184 208 210 An.
225 183 254 210 c.
278 184 340 213 msa
391 174 456 208 404

350 236 381 264 et
405 232 663 272 demandaverat,
689 232 804 269 audiri,
838 231 999 274 cognosci,
1032 231 1087 263 de-

350 285 430 324 cidi,
457 285 585 329 sineque
611 286 734 325 debito,
761 290 858 329 prout
881 285 962 318 iuris
987 284 1085 324 soret,

351 338 517 370 terminari
554 339 674 371 debere
710 337 844 371 omnino
878 339 1002 378 volens,
1028 347 1087 380 per

350 391 505 433 quasdam
523 401 596 423 suas
614 391 645 423 in
663 390 758 423 simili
776 391 878 423 forma
898 390 1007 424 Brevis
1033 390 1085 423 die

349 453 383 475 111
409 443 550 475 octobris
574 453 732 476 unctxxiv
756 444 924 486 expeditas
948 444 1086 483 litteras,

348 500 437 527 motu
472 495 627 538 proprio,
653 506 689 528 ac
714 505 751 528 ex
783 497 872 529 certa
896 496 1031 529 seientia
1054 501 1087 529 et

348 550 469 580 matura
502 548 740 581 deliberatione
766 549 847 589 suis,
873 549 976 592 deque
1009 559 1087 591 apo-

348 599 482 631 slolicae
508 600 678 642 potestatis
703 601 925 643 plenitudine,
954 611 1083 634 memo—

346 658 416 683 rato
442 652 693 696 archiepiscopo
719 654 905 696 inquisitori
939 653 1085 696 generali

347 710 377 736 vt
405 705 540 747 reliquis
566 705 812 748 inquisitoribus
836 706 1012 750 praedictis
1038 707 1086 739 di-

347 758 459 790 stricte
486 759 640 796 inhibuit,
660 769 711 799 ne,
737 762 834 792 causa
859 765 891 793 et
906 760 1010 792 causis
1031 760 1086 792 hu-

346 811 485 842 iusmodi
518 811 550 843 in
575 812 741 854 praedicta
771 813 983 845 cardinalium
1007 812 1083 845 Con-

346 864 535 904 {negatione
560 865 797 907 pendentibus,
824 870 878 897 aut
902 866 980 898 alias
1005 875 1085 908 quo-

346 917 538 956 modolibet,
561 918 666 950 donec
691 923 722 950 et
747 928 916 961 quousque
934 918 1083 961 specialis

347 974 379 1000 et
403 979 555 1012 expressa
581 970 723 1012 desuper
747 971 787 1002 ab
811 971 884 1014 ipso
916 970 1083 1004 Clemente

344 1021 595 1063 praedecessore
632 1028 664 1055 et
695 1023 807 1055 eadem
840 1022 921 1056 Sede
953 1023 1084 1056 licentia

346 1075 391 1106 eis
417 1085 574 1107 concessa
600 1076 722 1113 suisset,
750 1076 790 1108 ad
814 1077 917 1109 ullum
943 1076 1083 1109 similem

345 1133 451 1160 actum
477 1129 525 1170 (ut
549 1129 679 1170 vocant)
706 1128 791 1167 fidei,
817 1130 958 1162 ullamve
982 1129 1083 1172 publi-

345 1180 514 1219 cationem,
546 1181 851 1224 promulgationem,
883 1186 937 1214 aut
968 1191 1083 1214 execu-

345 1234 467 1265 tionem
492 1244 647 1266 novarum
673 1234 910 1266 sententiarum
935 1245 1083 1277 quarum-

346 1296 482 1327 cumque
518 1291 632 1318 contra
664 1286 850 1329 praedictos
880 1286 1082 1320 Christianos

346 1339 460 1377 'Now-os,
487 1344 521 1370 ut
545 1339 739 1381 praefertur,
762 1339 946 1381 inquisitos,
963 1350 1019 1372 seu
1036 1350 1084 1372 ac-

347 1397 475 1424 cusatos
490 1393 537 1423 vel
559 1391 781 1431 denunciato&
800 1396 832 1423 et
848 1391 880 1423 in
897 1393 1083 1425 carceribus

347 1443 523 1486 praedictis
543 1443 702 1479 detentos,
714 1449 767 1475 aut
784 1444 916 1476 illorum
931 1445 1083 1487 aliquem,

348 1496 500 1528 devenire
537 1497 605 1528 ullo
641 1496 737 1528 modo
773 1496 951 1536 auderent3
978 1507 1084 1540 neque

348 1545 410 1587 ipsi
436 1550 490 1577 aut
514 1555 625 1577 eorum
649 1545 778 1587 aliquis,
805 1556 861 1578 seu
886 1546 1034 1588 ipsorum
1055 1552 1086 1579 et

349 1599 520 1630 cuiuslibet
554 1608 668 1631 eorum
694 1599 872 1640 respective
897 1600 1084 1639 consiliarii,

349 1652 573 1691 commissarii,
606 1657 843 1694 procuratores,
876 1651 1013 1693 fiscales,
1039 1664 1087 1685 as-

348 1715 516 1743 sessores,
554 1705 691 1744 notarii,
729 1704 883 1745 actuarii,
921 1706 1085 1748 ceterique

349 1757 504 1789 otliciales
531 1762 562 1789 et
584 1757 734 1797 ministri,
760 1764 874 1790 contra
898 1758 996 1801 ipsos,
1032 1765 1087 1791 aut

348 1820 461 1841 eorum
487 1809 676 1851 quemlibet,
704 1810 874 1842 illorumve
901 1817 932 1843 et
956 1811 1086 1843 cuiusli-

348 1863 402 1894 bet
427 1873 538 1894 eorum
562 1862 739 1904 respective
765 1863 948 1903 advocatos,
975 1874 1088 1906 procu-

349 1921 485 1952 ratores,
512 1915 753 1954 sollicitatores,
780 1922 922 1958 agentes,
949 1928 1005 1949 seu
1038 1928 1088 1950 ne-

349 1967 511 2005 eotiorum
537 1973 699 2009 gestores,
730 1974 785 2000 aut
808 1969 887 2001 alias
912 1971 1088 2012 quomodo-

350 2021 430 2052 libet
451 2031 510 2062 pro
537 2021 582 2052 eis
607 2021 872 2061 intervenientes,
893 2024 1004 2065 quovis
1026 2034 1089 2056 mo-

352 2074 403 2110 do,
431 2073 554 2105 directe
571 2076 621 2106 vel
641 2074 807 2113 indirecte,
828 2086 885 2107 seu
912 2076 990 2108 alias
1011 2087 1089 2119 quo-

351 2126 531 2158 modolibet
553 2127 725 2169 quicquam
752 2129 827 2161 novi
853 2133 1014 2161 attentare
1039 2130 1089 2162 vel

352 2179 507 2211 innovare
532 2186 797 2221 praesumerent;
824 2181 894 2223 ipse
917 2181 1002 2214 enim
1019 2182 1091 2215 Cle-

353 2242 443 2262 mens
470 2232 704 2273 praedecessor
729 2233 853 2266 eisdem
880 2235 1024 2276 generali
1058 2240 1090 2267 et

354 2283 485 2325 reliqui<
513 2284 769 2326 inquisitoribus,
790 2297 968 2330 eorumque
987 2294 1018 2320 et
1038 2299 1092 2320 cu-

354 2336 485 2367 iuslibet.
521 2347 633 2369 corum
672 2340 849 2381 respective
884 2341 1089 2380 consiliariis,

355 2388 594 2427 roiiiinissai·iis,
621 2392 887 2431 procuratoribus
918 2393 1089 2433 fiscalibus,

355 2441 583 2479 assessoribus,
612 2444 752 2481 notariis,
772 2446 933 2485 actitariis,
964 2447 1092 2478 ceteris-

355 2503 416 2532 qiu¹
443 2493 631 2525 (illie-ialihus
664 2501 690 2526 el
721 2497 875 2529 ministris
902 2499 1089 2540 prawlictis,

354 2545 386 2576 in
413 2545 529 2577 virtute
556 2554 684 2579 sanctae
706 2550 913 2583 obedientiae
935 2552 1091 2590 districte,

935 182 1116 208 BULLARIUM
1138 182 1290 208 ROMANUM

1129 231 1298 273 praecepit
1315 235 1347 264 et
1363 231 1536 268 mandavit.
1553 235 1589 265 nt
1607 232 1865 278 quibuscumque

1128 283 1300 324 mandatis,
1327 284 1588 317 ordinationibus
1605 290 1636 317 et
1653 286 1793 319 decretis
1818 287 1866 320 di-

1129 340 1198 368 ctae
1219 335 1489 378 Congregationis
1510 337 1722 370 cardinalium
1740 339 1772 371 in
1790 350 1865 372 cau-

1129 388 1163 420 sa
1188 398 1246 420 seu
1271 388 1375 420 causis
1401 388 1588 422 huiusmodi
1609 395 1740 423 eatenus
1758 391 1865 425 forsan

1129 441 1298 481 emanans,
1315 446 1346 474 et
1363 441 1395 473 in
1412 447 1580 485 posterum
1600 453 1702 486 usque
1716 444 1755 477 ad
1768 443 1864 478 [inem

1128 499 1160 526 et
1183 494 1356 527 terminum
1380 495 1566 528 earumdem
1591 506 1762 529 causarum
1779 508 1862 540 quo-

1127 548 1307 580 modolibet
1330 547 1545 589 emanatum⁴‚
1572 549 1660 582 omni
1687 553 1794 592 mora,
1820 552 1865 585 di-

1128 600 1257 639 latione,
1284 600 1571 643 tergiversatione,
1599 603 1809 645 oppositione
1833 610 1866 637 et

1127 653 1385 686 contradictione
1420 654 1612 697 postpositis
1648 659 1681 688 et
1715 657 1864 698 remotis,

1127 710 1288 748 prompte,
1305 705 1386 738 sicut
1399 706 1531 739 devotos
1553 707 1656 740 dictae
1673 707 1764 741 Sedis
1781 708 1865 742 filios

1127 758 1230 798 decet,
1257 763 1431 801 parerent;
1457 768 1518 791 nec
1537 759 1602 800 illa,
1622 770 1774 794 eorumve
1791 772 1866 795 exe-

1126 810 1291 843 cutionem
1326 812 1574 854 quomodolibet
1608 813 1779 856 impedire,
1811 820 1867 848 aut

1126 862 1190 895 illis
1212 863 1245 895 in
1269 863 1390 896 iudicio
1413 865 1462 897 vel
1483 869 1574 897 extra
1597 866 1678 898 illud
1706 877 1739 899 se
1763 877 1865 910 oppo-

1126 925 1204 947 nere
1230 921 1284 948 aut
1308 916 1533 950 contradicere
1558 919 1626 951 ullo
1651 919 1749 952 modo
1771 920 1866 954 aude·

1127 972 1201 1000 rent
1224 978 1283 1001 seu
1308 976 1579 1012 praesumerent,
1599 971 1742 1014 alioquin
1761 973 1865 1006 dictus

1127 1021 1239 1054 Petrus
1270 1022 1539 1065 archiepiscopus
1570 1023 1747 1066 inquisitor
1771 1036 1866 1068 gene·

1126 1074 1203 1107 ralis
1221 1075 1448 1117 suspensionis
1467 1076 1506 1108 ab
1525 1077 1679 1110 exercitio
1696 1079 1866 1120 pontifica-

1126 1127 1205 1159 lium
1229 1131 1261 1160 et
1277 1127 1443 1161 interdicti
1469 1128 1508 1160 ab
1531 1128 1678 1171 ingressu
1700 1129 1865 1164 Ecclesiae

1125 1190 1160 1212 ac
1183 1180 1376 1224 privationis
1401 1181 1547 1214 muneris
1573 1181 1778 1224 inquisitoris
1809 1194 1865 1226 ge-

1125 1232 1255 1272 neralis,
1280 1232 1398 1275 reliqui
1415 1243 1493 1265 vero
1511 1233 1723 1276 inquisitores
1740 1235 1867 1277 praedi-

1124 1286 1175 1325 cti,
1194 1296 1346 1318 eorumve
1369 1285 1551 1329 respective
1576 1286 1762 1328 consiliarii,
1787 1297 1865 1331 pro-

1125 1344 1293 1372 curatores
1317 1338 1455 1379 fiscales,
1483 1339 1704 1380 commissarii,
1723 1349 1865 1375 assesso-

1125 1402 1186 1431 res,
1215 1392 1345 1432 notarii‚
1379 1392 1547 1435 ceterique
1572 1392 1726 1426 officiales
1752 1399 1784 1426 et
1806 1393 1866 1426 mi-

1127 1445 1233 1484 nistri,
1252 1444 1597 1478 excommunicationis
1625 1446 1708 1478 latae
1733 1451 1865 1479 senten-

1129 1497 1189 1530 tiae
1204 1507 1240 1530 ac
1264 1497 1453 1540 privationis
1480 1497 1669 1536 officiorum,
1688 1499 1866 1541 quomodo-

1128 1561 1267 1593 cumque
1297 1551 1336 1582 ad
1362 1550 1503 1583 tribunal
1529 1550 1559 1582 S.
1582 1550 1684 1582 Officii
1714 1557 1865 1594 spectan-

1129 1603 1219 1644 tium,
1247 1613 1370 1646 poenas
1397 1604 1467 1645 ipso
1493 1603 1577 1635 sacto
1604 1609 1636 1635 et
1660 1604 1782 1647 absque
1799 1605 1866 1637 ulla

1129 1656 1346 1689 declaratione
1367 1666 1399 1688 se
1419 1656 1597 1698 respective
1619 1657 1785 1690 novissent
1808 1658 1862 1690 in-

1128 1718 1302 1747 cursuros,
1332 1718 1349 1740 a
1373 1708 1489 1751 quibus
1514 1708 1753 1742 absolutionem
1778 1710 1865 1743 idem

1129 1761 1275 1794 Clemens
1291 1761 1525 1803 praedecessor
1550 1761 1611 1793 sibi
1637 1766 1669 1794 et
1688 1762 1793 1795 dictae
1810 1762 1865 1795 Se-

1130 1813 1161 1845 di
1186 1813 1390 1856 Apostolicae
1416 1813 1600 1856 specialiter
1623 1815 1811 1848 reservavit.

1174 1867 1188 1909 ᾗ
1213 1866 1244 1898 2.
1272 1866 1389 1898 Verum
1418 1866 1564 1906 subinde,
1591 1866 1676 1899 dicto
1701 1867 1866 1902 Clemente

1130 1920 1384 1963 praedecessore
1408 1920 1504 1952 rebus
1530 1920 1680 1952 humanis
1707 1927 1867 1964 exempto,

1131 1983 1204 2005 cum
1228 1982 1288 2005 nos
1320 1972 1538 2005 venerabilem
1567 1972 1698 2005 fratrem
1727 1973 1869 2006 Verissi-

1131 2035 1232 2064 mum,
1258 2024 1541 2067 archiepiscopum
1566 2025 1645 2057 olim
1671 2026 1870 2059 Bracbaren·

1131 2088 1210 2117 sem,
1230 2077 1413 2110 haereticae
1440 2082 1471 2109 et
1488 2077 1685 2120 apostaticae
1702 2078 1869 2121 pravitatis

1132 2129 1317 2162 huiusmodi
1357 2129 1583 2172 inquisitorem
1616 2132 1802 2173 generalem
1835 2131 1869 2163 in

1134 2182 1351 2225 portugalliae
1378 2187 1410 2214 et
1434 2183 1661 2225 Algarbiorum
1687 2183 1797 2226 regnis
1817 2194 1870 2217 su-

1134 2246 1191 2278 pra
1209 2235 1302 2267 dietis
1320 2245 1391 2267 cum
1410 2235 1513 2268 solitis
1537 2236 1742 2269 facultatibus
1767 2236 1800 2269 in
1825 2238 1871 2270 lo-

1133 2299 1206 2320 cum
1232 2288 1388 2330 praedicti
1425 2288 1508 2321 Petri
1546 2289 1786 2332 archiepiscopi
1817 2290 1872 2323 de-

1135 2341 1234 2374 l'uncti
1254 2342 1532 2375 constituissemus
1559 2348 1590 2375 et
1615 2343 1869 2386 deputassemus‚

1134 2405 1228 2427 causa
1260 2405 1336 2427 vero
1373 2406 1430 2427 seu
1467 2406 1582 2428 causae
1619 2395 1802 2438 praedictae
1840 2397 1871 2429 in

1134 2447 1316 2489 supradicta
1356 2448 1569 2481 cardinalium
1610 2448 1872 2490 congregatione

1134 2500 1241 2532 adhuc
1277 2501 1481 2543 penderent:
1515 2511 1596 2539 nos,
1627 2501 1768 2534 decretis
1794 2503 1870 2544 qui-

1171 2562 1180 2586 1
1204 2560 1275 2595 Lege
1295 2563 1466 2589 emanandi's
1486 2570 1534 2596 pro
1554 2567 1724 2589 ementatum
1751 2563 1836 2597 nur.)-

1871 185 1921 215 An.
1937 186 1967 214 C.
1989 188 2052 219 ¹881

1902 1873 1953 1895 Item
1967 1879 2021 1904 quae
2030 1875 2057 1896 ab

1876 1900 1996 1922 innocentio
2031 1901 2058 1922 xl

1877 1927 1986 1953 hucusque
2001 1928 2058 1949 ordi-

1877 1956 1940 1975 natae
1955 1954 2044 1976 suerunt.
