2111 3157
53 199 103 225 An.
116 197 146 224 C.
169 195 236 224 ¹686

65 1362 177 1385 Concessio
193 1365 222 1385 ra·

39 1390 122 1418 putiau<
138 1391 164 1411 de
180 1397 222 1418 qua

38 1421 58 1436 in
74 1416 167 1438 rubrica.

826 195 1034 219 lNNOCENTlUS
1046 196 1087 231 ¹XI
1113 196 1160 219 1³1³.

242 243 342 284 vicus,
356 243 393 276 de
411 245 541 277 aeterna
559 245 661 277 salute
680 243 978 286 temporalibusque

218 305 222 309 ’
242 297 419 329 commodis
443 296 645 330 subditorum
670 306 801 329 suorum
830 295 978 328 christia-

241 350 283 382 na
298 349 455 382 charitate
477 349 628 392 regiaque
650 348 850 392 providentia
864 348 978 381 sollici-

242 406 303 442 tus,
321 402 495 445 plurimum
519 402 615 444 cupit,
638 401 712 441 illis,
731 411 766 433 ac
786 400 977 444 praesertim

241 453 422 494 nobilibus,
448 464 521 487 suos
558 464 756 497 suorumque
787 452 976 497 progenito-

239 518 311 541 rum
335 517 464 540 errores
488 511 519 540 et
549 507 722 547 haereses,
752 512 827 550 post
861 516 975 540 eorum

240 560 498 600 conversionem,
532 570 596 593 non
627 569 698 593 esse
723 559 974 602 impedimento,

240 613 414 657 quominus
438 613 470 646 in
495 613 656 655 religione
684 611 775 645 istius
805 612 975 655 hospitalis

239 666 341 700 sancti
373 665 502 699 Ioannis
535 664 814 708 llierosolymitani
846 664 974 698 Christo

237 718 386 758 militare,
413 729 448 751 ac
472 717 680 751 christianam
705 717 915 759 religionem,
939 717 974 750 si-

238 772 375 816 demque
399 771 614 804 orthodoxam
635 771 784 803 adversus
809 769 971 810 inlideles,

237 823 422 868 adspirante
447 823 580 866 superni
599 822 715 855 favoris
736 822 862 862 auxilio,
892 823 972 856 tueri

236 882 334 920 atque
359 886 551 920 propagare,
577 876 739 919 simulque
764 875 917 909 natalium
942 881 974 909 et

235 930 425 965 meritorum
459 939 590 963 suorum
629 929 863 973 praerogativis
896 939 973 962 con-

236 982 496 1026 gruentibusque
528 992 640 1015 eorum
677 982 785 1014 virtuti
818 982 971 1025 praemiis

235 1041 266 1070 et
290 1036 470 1070 honoribus
504 1035 565 1068 srui
602 1041 634 1068 et
660 1035 806 1078 'gaudere
830 1036 969 1069 valeant.

233 1088 332 1123 Nobis
367 1094 542 1132 propterea
578 1088 663 1121 idem
703 1088 881 1122 Ludovicus
915 1099 969 1122 rex

234 1141 401 1175 humiliter
432 1141 608 1185 supplicari
639 1141 716 1174 fecit
745 1147 781 1174 ut
812 1141 845 1174 in
878 1151 971 1185 prae-

233 1194 340 1229 missis
364 1190 549 1239 opportune
573 1194 746 1239 providere
772 1200 804 1228 et
827 1201 861 1229 ut
886 1196 970 1229 infra

233 1248 404 1292 indulgere
430 1249 469 1282 de
493 1249 694 1292 benignitate
721 1249 899 1292 apostolica
924 1249 970 1282 di-

233 1313 418 1346 gnaremur.

276 1356 291 1399 §
315 1355 345 1389 2.
372 1356 435 1390 Nos
461 1356 569 1399 igitur,
588 1357 626 1390 ad
652 1357 829 1400 praeclara,
848 1357 969 1389 omnis-

232 1419 295 1453 que
320 1410 479 1443 humanae
501 1410 606 1443 laudis
631 1410 842 1454 praeconium
873 1411 969 1452 longe

232 1472 441 1504 supergressa
484 1463 586 1505 ipsius
624 1463 776 1495 Ludovici
815 1462 901 1504 regis
936 1463 967 1493 in

231 1514 407 1548 Ecclesiam
424 1513 489 1554 Dei,
505 1515 644 1558 nosque¹
666 1515 697 1547 in
724 1514 808 1547 hanc
828 1519 968 1547 sanctam

232 1566 347 1601 Sedem
385 1567 562 1610 promerita
597 1573 751 1611 paternae
793 1567 968 1611 dirigentes

232 1620 502 1654 considerationis
539 1620 701 1660 intuitum,
742 1619 859 1664 piaque
899 1620 967 1653 eius

231 1674 346 1712 studia,
373 1679 527 1717 quantum
552 1673 644 1706 nobis
671 1683 707 1706 ex
732 1674 796 1706 alto
823 1673 968 1706 concedi·

230 1732 290 1766 tur,
315 1726 463 1760 adiuvare
485 1727 663 1769 cupientes,
687 1726 872 1760 huiusmodi
895 1737 968 1770 sup-

229 1779 459 1823 plicationibus
485 1780 640 1819 inclinati,
667 1779 735 1819 tibi,
763 1790 833 1812 cum
865 1780 967 1814 omni-

228 1832 288 1865 bus
313 1837 345 1865 et
367 1832 502 1874 singulis
528 1832 608 1872 illis,
636 1833 709 1876 qui,
736 1832 819 1865 intra
849 1833 966 1866 limites

229 1884 411 1928 linguarum
428 1885 591 1922 Franciae.
608 1895 644 1918 ac
657 1885 824 1918 Alverniae
843 1891 876 1918 et
893 1885 967 1919 Pro-

227 1937 352 1970 vinciae
377 1937 453 1970 dicti
479 1937 650 1980 hospitalis
675 1937 750 1977 nati,
775 1937 814 1970 ab
840 1938 964 1970 haeresi

229 1990 267 2023 ad
293 1989 472 2023 catholicae
499 1989 572 2022 fidei
597 1990 765 2023 veritatem
786 1990 966 2023 Ecclesiae-

228 2053 291 2087 que
317 2043 496 2076 catholicae
531 2042 687 2076 unitatem
720 2043 783 2076 iam
818 2045 963 2077 conversi

229 2101 315 2136 sunt,
342 2101 373 2129 et
396 2095 429 2128 in
461 2095 602 2128 futurum
635 2101 876 2136 convertentur,
901 2097 963 2130 sire

229 2148 342 2187 etiam,
370 2148 513 2191 quamvis
538 2149 576 2180 ab
603 2148 692 2181 initio
725 2149 900 2189 catholici,
926 2161 962 2183 ex

228 2200 495 2245 progenitoribus
536 2205 643 2233 tamen
688 2201 860 2234 haereticis
898 2203 962 2235 nati

229 2253 305 2293 sint,
330 2254 503 2287 dummodo
531 2258 634 2286 tamen
660 2253 692 2286 in
717 2254 829 2287 eadem
854 2254 915 2288 fide
934 2261 965 2288 et

229 2307 353 2341 unitate
377 2311 560 2340 constantes
585 2306 731 2346 existant,
756 2317 853 2350 super
876 2319 964 2352 prae·

231 2361 333 2402 terim,
359 2366 390 2394 et
415 2361 524 2394 forsan
549 2361 655 2393 adhuc
680 2361 814 2394 durante
852 2371 964 2395 eorum

230 2415 410 2459 respective
436 2420 618 2458 parentum,
643 2424 786 2454 avorum,
813 2414 964 2448 aliorum-

231 2478 292 2512 que
325 2467 582 2507 ascendentium,
609 2477 663 2500 seu
688 2467 861 2508 maiorum,
886 2468 962 2502 hae-

1021 243 1196 277 resultante
1220 243 1454 287 impedimento
1472 252 1684 286 quocumque,
1710 242 1754 275 ita

1020 300 1055 327 ut
1090 296 1147 329 illo
1184 296 1315 329 minime
1351 296 1520 335 obstante,
1550 295 1576 328 si
1613 296 1752 335 nullum,

1019 349 1107 382 aliud
1131 350 1177 382 eis
1202 349 1387 382 huiusmodi
1418 349 1453 382 in
1478 349 1541 382 hoc
1565 348 1754 382 canonicum

1019 402 1124 435 obstet
1147 402 1423 445 impedimentum,
1449 402 1577 446 ipsique
1598 402 1636 435 ad
1657 402 1687 434 id
1707 411 1753 434 ce·

1019 455 1144 498 [eroqui
1175 455 1283 489 idonei
1317 457 1539 500 reperiantur,
1575 456 1609 488 in
1641 455 1754 488 fratres

1017 507 1132 540 milites
1158 509 1196 542 de
1220 509 1362 549 iustitia,
1388 520 1424 542 ac
1448 509 1654 552 cappellanos
1678 518 1754 541 con-

1016 562 1181 595 ventuales
1201 568 1233 595 et
1251 563 1427 595 servientes
1444 573 1618 601 armorum,
1635 561 1753 595 aliosve

1016 615 1153 647 cuiusvis
1177 615 1292 658 gradus
1316 621 1348 648 et
1368 615 1562 648 conditionis
1582 615 1753 658 religiosos

1016 668 1255 710 praedictarum
1292 669 1474 711 linguarum
1510 668 1689 708 Francffle,
1717 678 1753 701 ac

1016 720 1185 753 Alverniae
1209 726 1242 753 et
1264 720 1471 761 Provinciae,
1497 721 1581 754 intra
1616 731 1752 764 quarum

1015 773 1134 806 limites
1158 774 1337 817 respective
1361 774 1428 806 nati
1460 774 1591 813 suerint,
1619 773 1752 806 servatis

1015 823 1092 859 ali'as
1116 826 1290 865 servandis,
1316 827 1419 870 recipi
1445 832 1475 859 et
1500 826 1635 865 admitti,
1651 832 1682 859 et
1706 826 1752 859 sic

1014 879 1160 922 recepti,
1185 880 1337 912 omnibus
1370 884 1401 912 et
1432 879 1567 922 singulis
1604 879 1748 921 iuribus,

1014 932 1259 975 praerogativis,
1276 932 1550 976 praeeminemus,
1568 931 1750 967 honoribus

1014 985 1193 1028 privilegiis
1209 1011 1217 1025 ,
1244 985 1355 1028 gratiis
1385 990 1418 1018 et
1441 985 1574 1018 indultis
1590 1012 1598 1025 ,
1633 985 1750 1028 quibus

1013 1038 1067 1072 alii
1092 1038 1208 1072 fratres
1232 1038 1353 1072 milites
1379 1039 1418 1072 de
1443 1038 1576 1078 iustitia,
1610 1049 1646 1072 ac
1676 1049 1752 1082 cap-

1013 1092 1133 1135 pellani
1158 1093 1386 1127 conventuales
1404 1097 1435 1125 et
1454 1092 1628 1125 servientes
1646 1102 1751 1125 armo-

1013 1155 1093 1185 rum,
1119 1145 1240 1178 aliusve
1265 1145 1404 1178 cuiusvis
1433 1145 1551 1187 gradus
1584 1149 1616 1177 et
1639 1145 1751 1178 condi-

1013 1199 1108 1232 tionis
1145 1198 1289 1242 religiosi
1323 1198 1504 1241 linguarum
1540 1197 1747 1238 huiusmodi,

1013 1257 1075 1284 tam
1101 1252 1141 1285 de
1159 1252 1240 1292 iure,
1259 1262 1318 1284 usu
1337 1257 1368 1284 et
1382 1251 1629 1291 consuetudine,
1654 1261 1749 1294 quam

1012 1302 1089 1337 alias
1126 1304 1383 1347 quomodolibet,
1416 1309 1562 1344 utuntur,
1600 1304 1750 1337 fruuntur

1012 1362 1044 1390 et
1068 1357 1218 1399 gaudent,
1245 1367 1281 1389 ac
1305 1357 1359 1396 uti,
1383 1357 1441 1389 frui
1461 1361 1492 1390 et
1513 1357 1653 1400 gaudere
1674 1367 1749 1400 pos-

1011 1415 1084 1442 sunt
1108 1415 1139 1442 et
1162 1414 1316 1451 poterunt
1333 1409 1365 1441 in
1386 1409 1539 1447 futurum,
1561 1409 1630 1452 pari
1651 1410 1748 1443 modo

1011 1467 1041 1493 et
1066 1462 1188 1505 absque
1217 1461 1282 1494 utta
1312 1472 1447 1505 prorsus
1486 1461 1678 1502 differentia,
1712 1473 1750 1497 ao

1010 1515 1049 1547 ad
1075 1524 1310 1558 quemcumque
1336 1513 1495 1553 ellectum,
1522 1516 1617 1548 etiam
1643 1516 1749 1558 speci-

1010 1567 1068 1600 fica
1093 1572 1123 1600 et
1147 1567 1311 1600 individua
1347 1568 1515 1601 mentione
1548 1573 1579 1602 et
1615 1572 1748 1612 expres-

1010 1621 1100 1653 sione
1119 1620 1260 1663 dign'um,
1281 1620 1337 1659 uti,
1357 1620 1416 1653 frui
1436 1626 1466 1654 et
1484 1622 1626 1664 gaudere
1644 1615 1747 1655 libere

1010 1671 1046 1706 et'
1064 1673 1150 1706 licite
1175 1674 1304 1716 possint
1328 1678 1360 1706 et
1382 1675 1524 1715 valeant,
1551 1674 1744 1718 respective,

1009 1727 1042 1759 in
1067 1726 1217 1759 omnibus
1242 1730 1274 1759 et
1297 1736 1356 1769 per
1379 1727 1497 1766 omnia,
1512 1727 1649 1770 perinde
1667 1738 1702 1760 ac
1720 1727 1745 1759 si

1009 1790 1069 1812 nec
1094 1779 1166 1822 ipsi,
1191 1789 1251 1812 nec
1276 1789 1386 1812 eorum
1411 1784 1572 1823 parentes,
1610 1779 1668 1816 avi.
1696 1791 1747 1814 ce-

1009 1833 1133 1876 terique
1148 1832 1368 1872 ascendentes,
1385 1843 1439 1865 seu
1454 1832 1603 1872 maiores,
1615 1833 1745 1866 haeresi

1008 1896 1148 1929 unquam
1173 1885 1282 1918 insecti
1309 1886 1460 1926 fuissent,
1486 1896 1546 1919 nec
1571 1886 1609 1918 ab
1634 1885 1745 1919 Eccle-

1008 1938 1073 1971 siae
1098 1938 1283 1981 praedictae
1307 1938 1431 1971 unitate
1463 1935 1605 1982 unquam
1639 1949 1745 1971 reces-

1007 1993 1129 2031 sissent,
1156 1992 1347 2025 auctoritate
1366 1994 1476 2025 nostra
1494 1992 1671 2036 apostolica
1689 2003 1745 2035 op-

1007 2051 1146 2087 portune
1173 2045 1392 2087 dispensandi,
1412 2045 1524 2088 eisque
1543 2045 1742 2078 concedendi

1007 2104 1037 2130 et
1057 2098 1257 2140 indulgendi,
1283 2098 1410 2140 plenam
1429 2102 1460 2130 et
1484 2098 1624 2140 amplam
1647 2097 1744 2130 facul-

1007 2155 1115 2188 tatem,
1143 2149 1255 2182 eadem
1280 2150 1484 2189 auctoritate,
1512 2155 1625 2183 tenore
1650 2160 1743 2193 prae-

1006 2202 1153 2241 sentium,
1180 2201 1351 2235 tribuimus
1377 2207 1409 2235 et
1429 2202 1644 2245 impartimur.

1049 2256 1063 2299 ἓ
1088 2255 1119 2289 3.
1145 2255 1213 2288 Non
1238 2255 1441 2288 obstantibus
1473 2255 1677 2299 praemissis,
1705 2266 1933 2314 acdpondvffiorinrum

1767 2301 1776 2314 o
1791 2300 1815 2318 ug,

1006 2309 1202 2353 apostolicis,
1227 2313 1259 2341 et
1283 2309 1315 2341 in
1341 2309 1578 2342 universalibus
1612 2310 1742 2354 provin-

1006 2362 1206 2404 cialibusque
1231 2361 1376 2395 conciliis
1407 2361 1514 2401 editis,
1532 2363 1740 2404 generalibus

1006 2417 1054 2448 vel
1079 2415 1293 2458 specialibus,
1318 2415 1603 2448 constitutionibus
1635 2421 1666 2449 et
1689 2427 1741 2450 or-

1006 2467 1234 2508 dinationibus,
1253 2477 1379 2501 necnon
1397 2465 1618 2511 praefatorum
1636 2469 1741 2511 hospi-

231 2520 308 2561 resi,
334 2521 476 2565 indeque
500 2526 613 2553 contra
637 2531 692 2554 eos
718 2521 963 2564 quomodolibet
1006 2521 1077 2554 talis
1103 2527 1135 2554 et
1158 2521 1351 2561 linguarum,
1378 2521 1516 2565 aliisque
1550 2521 1714 2564 quibusvis
1730 2548 1738 2561 ,

267 2583 279 2610 1
303 2581 391 2609 Potius
410 2582 468 2615 tege
487 2590 547 2613 nos,
568 2585 655 2616 alque
674 2591 721 2617 pro
740 2590 846 2619 nosque
860 2585 898 2615 (n.
910 2583 960 2619 τ.).

304 2636 384 2666 Bull-
401 2638 481 2665 Rom.
498 2652 529 2657 —
550 2637 610 2665 Vol.
625 2637 702 2665 XIX.
844 2637 877 2666 87

1005 2575 1101 2608 etiam
1125 2574 1317 2616 iuramento,
1345 2574 1589 2609 confirmatione
1613 2581 1726 2617 aposto
1742 2602 1749 2607 .

1642 184 1705 218 689
1752 195 1801 222 An.
1821 194 1849 222 c.
1873 193 1940 220 iesu
