2111 3157
141 205 238 234 nme.
260 205 328 233 1679
371 196 437 231 ⁶214

194 1567 254 1586 Fides
280 1568 334 1587 tran·

153 1598 288 1619 sumptorum·

335 254 471 288 cissimis
504 259 535 287 et
559 253 697 291 insolitis
727 250 890 290 clausulis,
911 250 1068 283 irritanti-

334 307 459 351 busque
485 312 517 340 et
541 306 611 339 aliis
636 305 794 343 decretis,
814 304 846 336 iu
872 313 992 345 genere
1017 303 1067 335 vel

336 361 369 392 in
386 360 503 402 specie,
523 359 617 391 etiam
644 363 743 393 motu,
763 357 898 389 scientia
923 361 955 388 et
979 360 1071 398 pote-

336 413 427 444 statis
460 410 660 454 plenitudine
686 409 827 451 paribus,
853 419 888 441 ac
913 408 1071 441 consisto-

336 465 479 502 rialiter,
503 468 535 496 et
559 463 636 495 alias
670 462 912 504 quomodolibet
935 461 967 493 in
995 470 1072 493 con-

336 517 469 549 trarium
489 515 742 558 praemissorum
760 514 933 553 concessis,
955 524 990 546 ac
1007 514 1072 555 plu-

338 569 402 601 ries
434 573 466 599 et
498 567 767 609 quantiscumque
801 565 922 598 vicibus
957 564 1073 597 confir-

338 620 447 658 matis,
478 618 664 661 approbatis
690 623 718 649 et
746 617 921 656 innovatis3
956 617 1073 659 quibus

339 671 488 705 omnibus
505 679 536 704 ct
559 670 706 711 singulis,
724 670 845 701 etiamsi
869 680 927 711 pro
945 670 1072 701 illorum

339 723 512 756 sufficienti
533 722 744 763 derogatione
761 722 798 754 de
817 721 879 753 illis
896 731 1072 762 eorumque

339 777 415 809 totis
448 775 616 808 tenoribus
649 774 811 816 specialis,
836 773 995 816 specifica,
1022 785 1074 805 ex-

340 839 454 872 pressa
471 839 506 860 ac
525 826 689 859 individua
709 837 744 858 ac
768 827 807 858 de
829 826 927 858 verbo
951 826 990 858 ad
1008 836 1075 857 vcr—

340 882 426 920 bum,
443 891 508 912 non
525 885 631 912 autem
650 888 709 921 per
726 879 888 910 clausulas
907 878 1075 920 generales

341 934 425 966 idem
450 934 678 975 importantes‚
708 931 829 962 mentio
858 941 912 963 seu
946 930 1074 972 quaevis

342 986 404 1018 alia
428 984 596 1027 expressio
622 982 772 1016 habenda
801 988 854 1014 aut
880 982 987 1024 aliqua
1014 982 1074 1013 alia

342 1038 499 1080 exquisita
524 1038 623 1069 forma
648 1036 687 1068 ad
714 1037 775 1067 boc
799 1035 954 1067 servanda
982 1035 1073 1073 foret,

342 1089 472 1121 illorum
498 1094 649 1126 tenores,
677 1088 810 1125 formas,
837 1097 946 1118 causas
972 1092 1003 1118 et
1027 1096 1077 1117 oc-

343 1141 486 1173 casiones
514 1139 736 1182 praesentibus
758 1149 816 1181 pro
839 1140 934 1180 plene
961 1143 991 1170 et
1017 1138 1077 1169 suf·

343 1193 486 1225 sicienter
510 1191 690 1234 expressis,
716 1190 856 1229 insertis,
882 1189 1076 1232 specificatis

344 1250 375 1277 et
392 1245 524 1277 servatis
543 1244 723 1286 respective
739 1243 905 1281 babentes,
920 1243 983 1274 illis
1001 1243 1078 1273 alias

344 1297 376 1329 in
399 1308 458 1329 suo
481 1297 599 1329 robore
624 1295 854 1338 permansuris,
873 1296 910 1327 ad
927 1294 1079 1337 praemis-

344 1360 454 1381 sorum
473 1348 633 1387 ell'ectum,
653 1348 712 1380 liac
730 1347 797 1379 vice
819 1348 991 1385 dumtaxat,
1010 1356 1080 1389 spe-

345 1402 468 1434 cialiter
493 1407 524 1433 et
542 1411 694 1444 expresse
714 1401 919 1441 derogamus,
939 1405 970 1431 et
987 1400 1080 1431 dero-

346 1461 454 1496 gatum
494 1464 565 1485 esse
598 1454 772 1492 volnmus3
799 1451 984 1494 ceterisque*
1007 1462 1081 1488 con-

346 1506 451 1538 trariis
475 1506 742 1549 quibuscumque.

391 1560 405 1601 §
433 1559 464 1591 6.
499 1559 652 1591 Volumus
686 1563 792 1590 autem
828 1562 862 1589 ut
896 1557 1080 1589 earumdem

345 1611 564 1654 praesentium
583 1610 764 1643 litterarum
787 1609 1008 1652 transumptis,
1025 1620 1080 1641 scu

345 1664 512 1706 exemplis,
539 1663 635 1695 etiam
661 1662 836 1705 impressis,
863 1673 961 1694 manu
985 1662 1083 1694 alicu-

345 1716 394 1748 ius
416 1716 532 1749 notarii
562 1715 682 1758 publici
708 1714 908 1757 subscriptis,
930 1714 1082 1755 etsigillo

344 1779 506 1811 personae
531 1767 562 1800 in
590 1766 808 1799 ecclesiastica
835 1767 992 1808 dignitate
1011 1776 1084 1798 con-

345 1821 475 1853 stitutae
511 1820 661 1859 munitis,
689 1820 801 1851 eadem
834 1829 969 1861 prorsus
1002 1818 1082 1850 fides

344 1873 465 1915 ubique
487 1873 633 1905 locorum
652 1877 716 1903 tam
730 1871 762 1902 in
777 1870 896 1903 iudicio
915 1881 1009 1913 (luam
1029 1881 1081 1902 ex-

346 1930 393 1957 tra
414 1925 491 1957 illud
514 1925 682 1963 habeatur,
706 1934 789 1966 quae
809 1924 985 1955 baberetur
1003 1922 1081 1965 ipsis

345 1977 571 2020 praesentibus
597 1977 623 2008 si
648 1976 756 2008 forent
787 1976 950 2008 exhibitae
976 1977 1024 2008 rel
1049 1986 1084 2007 0-

347 2036 489 2063 stensae.

389 2083 504 2115 Datum
529 2082 656 2121 Romae,
676 2081 761 2124 apud
785 2081 815 2114 S.
836 2081 964 2114 Mariam
983 2080 1083 2113 Maio-

347 2145 425 2173 rem⁴
443 2135 500 2167 sub
519 2135 638 2167 annulo
665 2132 849 2173 piscatoris,
870 2134 921 2166 die
940 2144 970 2166 Vl
992 2134 1084 2167 octo-

345 2187 411 2220 bris
425 2186 806 2229 iincrxxix,p0ntisseatus
823 2186 923 2218 nostri
939 2196 1025 2218 anno
1042 2196 1081 2218 iv.

381 2247 438 2274 Dat.
457 2248 499 2275 die
514 2247 530 2275 6
549 2247 668 2275 octobris
687 2248 765 2279 1679,
783 2247 879 2282 pontif.
900 2254 970 2274 anno
991 2253 1026 2273 1v.

657 2379 773 2412 LXXV.

349 2449 567 2492 Confirmatio*
597 2451 784 2492 protestatio
808 2450 949 2492 fratrum
974 2449 1084 2482 Mino-

392 2513 466 2534 rum
482 2503 518 2534 de
537 2501 741 2535 Obseruantia
761 2503 845 2534 circa
866 2502 999 2543 regulae
1016 2511 1085 2533 eate-

393 2555 553 2589 cntionem
592 2558 619 2587 et
661 2554 839 2586 nonnullae
882 2553 1080 2587 declaratio-

917 195 1096 220 urrumnai
1120 194 1272 219 noiiitNUM

1854 198 1946 229 Ante.
1968 199 2034 230 1079

1151 260 1206 282 nes
1222 260 1259 282 ac
1282 248 1614 282 ordinativnermotu
1635 247 1771 292 proprio
1788 246 1842 281 ad-

1153 302 1288 334 (llantur.

1296 389 1490 416 Innocentius
1510 390 1588 422 Papa
1608 389 1655 417 XI.

1233 433 1269 460 ad
1290 436 1464 467 perpetuam
1484 433 1527 459 rei
1547 432 1726 460 memoriam.

1156 511 1345 545 Sollicitudo
1366 511 1541 554 pastoralis
1568 510 1683 550 officii,
1711 521 1773 553 quo
1798 521 1847 543 ca·
1882 523 2004 546 Exordium.

1114 565 1254 597 tbolicae
1272 565 1432 597 Ecclesiae
1451 574 1510 606 per
1527 564 1713 596 universum
1733 563 1847 596 orbem

1115 616 1251 648 dill'usae
1297 616 1446 657 regiiiiini
1487 615 1592 648 divina
1631 615 1847 658 dispositione

1114 668 1347 710 praesidemus,
1377 679 1435 700 uos
1459 674 1553 709 urget
1577 674 1672 710 atque
1699 668 1850 710 impellit,

1115 726 1149 752 ut
1170 721 1397 763 religiosorum
1416 721 1555 753 virorum
1573 720 1708 753 Ordines
1726 721 1763 753 ad
1783 731 1851 753 orn-

1117 774 1291 815 nipotentis
1318 773 1373 805 Dei
1400 773 1534 816 gloriam
1557 778 1587 804 et
1608 772 1784 805 animarum
1803 783 1851 805 sa-

1116 826 1216 857 lutem
1248 825 1385 868 sapienti
1423 825 1543 868 pietate
1576 824 1615 856 ab
1649 825 1708 856 bac
1743 828 1852 858 sancta

1116 877 1198 909 Sede
1223 877 1398 916 institutos,
1417 877 1607 919 magnisque
1626 877 1657 908 in
1676 876 1852 909 Ecclesiam

1118 929 1171 961 Dei
1190 929 1314 961 meritis
1339 929 1510 971 fulgentes,
1529 929 1562 961 in
1589 929 1706 961 sanctis
1728 939 1765 960 ac
1784 928 1853 972 pri-

1118 981 1236 1013 maevis
1272 992 1385 1013 eorum
1425 981 1578 1013 institutis
1613 981 1784 1014 confovere
1821 986 1854 1013 et

1118 1043 1332 1072 conservare,
1365 1043 1401 1065 ac
1425 1044 1442 1065 a
1462 1033 1573 1072 noxiis,
1596 1044 1676 1075 quae
1699 1033 1852 1076 primige-

1119 1085 1189 1116 niae
1217 1085 1439 1126 religiositatis
1465 1084 1613 1127 spiritum
1648 1091 1743 1127 atque
1768 1085 1854 1126 rigo-

1120 1148 1185 1169 rem
1222 1137 1411 1178 extinguere
1448 1142 1479 1169 et
1514 1138 1657 1170 relaxare
1694 1142 1852 1180 possent,

1120 1189 1201 1221 tueri
1226 1195 1257 1220 et
1280 1189 1505 1231 praemunire,
1539 1189 1754 1231 felicibusque
1779 1189 1852 1222 illo-

1121 1252 1189 1273 rum
1223 1242 1255 1273 in
1286 1242 1335 1273 via
1370 1241 1597 1273 mandatorum
1627 1241 1753 1274 Domini
1782 1251 1858 1283 pro-

1122 1294 1283 1335 gressibus
1309 1294 1488 1331 consulere,
1516 1299 1673 1335 quantum
1699 1293 1793 1326 nobis
1818 1303 1856 1326 ex

1122 1347 1186 1378 alto
1211 1346 1407 1385 conceditur,
1433 1347 1629 1378 studeamus.

1167 1399 1180 1441 g
1205 1398 1235 1430 1.
1254 1398 1330 1431 Cum
1352 1399 1460 1440 itaque
1484 1398 1581 1440 (sicut
1605 1398 1804 1441 accepimus)
1823 1398 1855 1430 in
1902 1407 1961 1428 nicta
1979 1409 2049 1433 prote-

1124 1451 1269 1492 pluribus
1304 1451 1454 1492 capitulis
1490 1451 1696 1492 generalibus
1728 1434 2048 1489 Ordims‘ssisslssssafe'lff'ffl

1124 1503 1255 1534 fratrum
1273 1502 1430 1535 Minoi-um
1447 1502 1548 1534 sancti
1570 1502 1728 1535 Francisci
1744 1504 1783 1535 de
1797 1502 1858 1536 Ob·
1868 1486 2049 1548 323332'2255'1'32

1124 1555 1283 1587 servantia
1308 1560 1590 1597 nuncupatorum,
1623 1560 1654 1588 et
1686 1555 1857 1588 novissime
1868 1538 2050 1586 {aggratulant-

1125 1608 1156 1640 in
1182 1608 1428 1648 Vallisoletano,
1447 1608 1533 1650 quod
1560 1614 1645 1640 anno
1662 1617 1786 1641 noeLxx
1807 1618 1860 1641 ce-

1125 1660 1282 1692 lebratum
1302 1660 1367 1700 fuit,
1386 1660 1531 1692 unanimi
1555 1660 1699 1692 omnium
1724 1659 1857 1692 fratrum

1127 1713 1284 1746 vocalium
1311 1723 1472 1745 consensu
1506 1713 1705 1745 declaratum
1730 1717 1762 1745 et
1784 1722 1860 1755 pro-

1127 1771 1273 1797 testatum
1300 1765 1406 1804 fuerit,
1426 1765 1458 1797 in
1477 1765 1568 1797 nullo
1585 1765 1714 1806 regulae
1733 1774 1860 1797 eorum-

1126 1818 1198 1849 dem
1217 1818 1347 1849 fratrum
1363 1817 1520 1849 Minorum
1538 1823 1711 1860 praecepto
1729 1822 1860 1849 eatenus

1126 1880 1197 1902 cum
1223 1870 1374 1902 fratribus
1393 1870 1568 1902 Minoribus
1588 1869 1626 1902 de
1647 1879 1783 1912 corpore
1800 1868 1861 1901 Ob-

1126 1922 1313 1961 servandue,
1332 1921 1397 1954 sive
1416 1922 1639 1961 Observantes,
1657 1922 1722 1954 sive
1748 1921 1861 1954 Refor-

1126 1974 1212 2013 mati,
1231 1974 1296 2006 sive
1314 1974 1510 2013 Discalceati,
1533 1974 1597 2006 sive
1623 1973 1800 2006 Recollecti
1817 1972 1861 2006 di-

1126 2033 1248 2066 cantur,
1275 2026 1496 2069 dispensatum
1523 2026 1640 2066 fuisse,
1670 2037 1730 2059 nec
1753 2027 1860 2069 ipsum

1125 2079 1352 2112 Observantiae
1378 2090 1493 2122 corpus
1518 2080 1617 2112 ullam
1643 2089 1783 2122 unquam
1807 2079 1862 2111 ad-

1126 2132 1252 2165 misisse
1294 2133 1342 2164 vel
1376 2132 1547 2165 admittere
1584 2131 1861 2175 dispensationem

1127 2185 1159 2216 in
1184 2186 1302 2226 regula,
1319 2184 1374 2216 sed
1402 2184 1508 2227 potius
1533 2185 1617 2217 velle
1643 2194 1700 2226 pro
1727 2183 1860 2223 viribus,

1127 2237 1250 2270 Domini
1276 2237 1402 2269 favente
1427 2237 1558 2277 auxilio,
1585 2237 1673 2269 illam
1695 2246 1779 2279 pure
1804 2235 1862 2268 ob-

1128 2300 1253 2323 servare
1278 2290 1363 2322 iuxta
1380 2290 1581 2322 sunu-norum
1599 2289 1789 2322 Pontificum
1808 2288 1864 2320 de-

1128 2343 1318 2375 clarationes
1353 2353 1371 2374 a
1411 2342 1563 2374 fratribus
1609 2341 1861 2374 observantibus

1127 2405 1183 2427 seu
1209 2395 1247 2427 de
1272 2395 1480 2427 Observantia
1504 2395 1536 2426 in
1561 2393 1626 2428 suis
1654 2393 1781 2426 statutis
1808 2403 1863 2435 ge-

1128 2448 1290 2479 neralibus
1314 2447 1542 2490 recapitulatis,
1562 2457 1627 2489 ⁴pro
1652 2445 1863 2478 cismontanis

1127 2510 1209 2532 anno
1234 2510 1387 2539 iinCinu,
1407 2505 1438 2532 et
1458 2509 1516 2542 pro
1539 2498 1789 2531 ultramontanis
1807 2507 1863 2531 an·

1126 2563 1167 2586 no
1191 2563 1319 2593 iznexxi,
1340 2563 1374 2585 ac
1397 2563 1414 2585 a
1435 2552 1637 2593 Reformatis,
1658 2550 1862 2585 Discalceatis
