2111 3157
165 214 213 237 An.
230 212 259 237 C.
280 210 346 237 1085

182 1337 301 1358 Clautulac.

197 2131 343 2153 contai-'iorum

161 2158 280 2184 derogatio.

392 202 455 235 ott

359 262 415 299 cti,
438 270 497 303 pro
524 258 659 292 arbitrio
686 263 715 289 et
742 257 938 289 conscientia
962 257 1098 288 Ordina-

358 313 481 346 riorum
507 311 713 349 10‹:01·1uu,ad
740 320 848 342 sacros
875 309 1006 342 ordines
1039 310 1097 341 liu-

357 366 508 403 iusmodi,
535 364 666 397 servatis
692 364 770 396 alias
806 362 984 403 servandis,
1021 373 1096 406 pro-

357 418 476 452 moveri
512 418 648 456 valeant,
690 417 877 449 auctoritate
914 421 946 448 et
981 421 1094 448 tenore

356 471 507 514 praefatis
532 470 740 503 concedimus
766 475 796 502 et
821 470 1039 510 indulgemus:
1059 471 1095 501 ea

356 530 461 556 tamen
486 525 569 566 lege,
594 529 638 564 ut,
667 524 692 556 si
719 534 773 556 eos
806 523 943 556 subinde
976 522 1092 555 dimitti

354 577 530 619 contingat,
568 577 653 610 idem
695 577 876 609 institutum
913 577 959 609 eis
984 576 1093 609 omnia

353 631 390 663 ad
417 641 591 673 congruam
618 641 732 663 eorum
751 630 1020 663 sustentationem
1040 641 1094 663 ne-

353 684 490 716 ccssaria
521 684 768 716 suluninistrare
801 689 959 722 teneatur,
995 684 1092 726 idque

352 737 458 769 donec
483 742 514 769 et
532 748 699 780 quousque
718 737 764 770 eis
786 737 915 769 aliunde
934 737 1093 769 sufficien-

352 794 401 821 ter
426 789 523 822 suerit
548 790 730 833 provisum,
751 791 788 822 ad
816 790 847 822 id
872 795 979 822 autem
1001 800 1093 833 prae-

351 843 434 876 fatus
460 845 611 887 superior
635 844 798 886 generalis
822 844 909 876 bona
941 843 1017 876 dicti
1044 844 1092 875 in-

350 896 452 929 stituti
477 897 509 929 in
535 897 637 930 forma
660 897 738 929 iuris
762 897 868 930 valida
892 896 1038 940 obligare
1061 902 1091 929 et,

350 948 571 991 liypothecare
596 949 713 982 debeat
737 949 768 981 in
794 949 941 982 manibus
966 960 1092 982 eorum-

351 1002 424 1034 dem
449 1002 705 1042 Ordinariorum,
742 1003 858 1046 quibus
895 1013 990 1035 curae
1029 1003 1091 1035 erit

350 1055 463 1088 sedulo
488 1055 660 1098 inspicere,
681 1067 721 1088 an
740 1056 846 1089 eidem
864 1056 1007 1089 instituto
1028 1056 1090 1088 suf-

349 1107 496 1142 ficientes
522 1114 697 1152 suppetant
721 1109 898 1149 facultates,
918 1120 955 1142 ex
973 1110 1089 1152 quibus

349 1163 558 1201 necessaria,
585 1163 666 1195 sicut
692 1163 931 1205 praemittitur,
963 1163 1089 1195 clericis

349 1215 522 1258 praedictis
562 1216 702 1255 valeant,
744 1216 940 1258 supportatis
964 1215 1089 1248 'ceteris

348 1268 449 1311 ipsius
474 1268 613 1301 instituti
638 1269 803 1309 oneribus,
838 1269 1086 1306 subministrari.

394 1322 408 1364 g
434 1321 464 1354 02.
484 1322 706 1355 Decernentes
737 1323 866 1355 easdem
896 1328 1089 1365 praesentes

350 1375 476 1408 litteras
501 1385 631 1418 semper
649 1375 767 1415 firmas,
793 1375 915 1408 validas
939 1376 1091 1408 eteilica-

351 1440 404 1462 ces
429 1429 567 1462 existere
595 1434 627 1461 et
653 1430 734 1468 sore,
755 1440 896 1472 suosque
921 1429 1089 1472 plenarios

351 1489 383 1515 et
406 1482 554 1525 integros
579 1481 712 1515 effectus
731 1483 841 1515 sortiri
867 1488 899 1515 et
923 1483 1088 1523 obtinere,

351 1546 388 1568 ac
418 1535 494 1575 illis,
526 1535 565 1568 ad
599 1546 680 1578 quos
710 1541 834 1578 spectat
864 1541 895 1568 et
923 1546 981 1578 pro
1010 1542 1091 1569 tem-

351 1600 430 1633 porc
449 1589 618 1632 spectabit,
639 1589 669 1621 in
688 1589 838 1621 omnibus
859 1594 890 1622 et
907 1600 965 1632 per
982 1590 1090 1622 omnia

351 1642 544 1685 plenissime
578 1641 759 1684 sull'raguri,
786 1647 817 1674 et
842 1642 881 1674 ab
907 1642 954 1675 eis
980 1653 1090 1685 respe-

352 1697 431 1728 ctive
473 1695 707 1728 inviolabiliter
746 1695 910 1727 observari
931 1722 938 1735 ,
981 1695 1090 1738 sicque

351 1749 384 1781 in
410 1749 601 1791 praemissis
629 1759 687 1791 per
712 1759 935 1792 quoscumque
966 1749 1091 1782 iudices

352 1802 536 1835 ordinarios
554 1808 585 1835 et
602 1803 781 1844 delegatos,
801 1802 896 1834 etiam
922 1813 1090 1835 causarum

351 1855 462 1898 palatii
487 1855 657 1898 apostolici
684 1855 868 1895 auditores,
893 1855 1029 1888 iudicari
1061 1861 1091 1888 et

353 1908 480 1941 deliniri
507 1909 646 1949 debere,
673 1920 709 1941 ac
734 1909 862 1941 irritum
888 1914 920 1942 et
943 1909 1039 1942 inane
1065 1909 1090 1942 si

353 1972 447 1994 secus
471 1971 568 2005 super
593 1962 644 1994 liis
669 1973 686 1994 a
712 1972 883 2005 quoquam,
903 1962 1012 2004 quavis
1037 1973 1092 1995 au-

353 2016 516 2056 ctoritate,
541 2015 683 2048 scienter
699 2017 747 2048 vel
772 2015 971 2058 ignoranter,
990 2016 1093 2048 conti-

354 2069 439 2112 gerit
459 2069 623 2102 attentari.

398 2124 412 2166 ἓ
443 2123 473 2157 3.
504 2123 572 2156 Non
606 2123 807 2156 obstantibus
832 2123 1032 2166 apostolicis,
1058 2133 1093 2155 ac

356 2177 388 2210 in
429 2177 664 2210 universalibus
706 2176 1024 2220 provincialibusque
1064 2182 1094 2209 et

357 2230 566 2273 synodalibus
593 2231 740 2263 conciliis
759 2230 865 2269 editis,
888 2230 1093 2271 generalibus

355 2285 405 2316 vel
423 2284 627 2327 specialibus,
647 2284 933 2317 constitutionibus
959 2289 990 2315 et
1013 2283 1096 2315 ordi-

356 2337 555 2377 nationibus,
571 2348 696 2370 necnon
712 2338 886 2380 quibusvis,
902 2337 995 2369 etiam
1015 2337 1096 2369 iura-

357 2396 479 2430 mento,
496 2391 742 2424 confirmatione
756 2390 943 2434 apostolica,
957 2391 1007 2422 vel
1022 2401 1097 2433 qua-

358 2444 405 2475 vis
430 2442 580 2476 firmitate
607 2445 667 2476 alia
691 2444 873 2483 roboratis,
904 2443 1031 2475 statutis
1067 2450 1098 2476 et

359 2497 662 2533 consuetudinibus,
683 2497 862 2540 privilegiis
888 2507 1032 2539 quoque,
1049 2496 1097 2528 in-

361 2549 458 2582 dultis
472 2554 503 2581 ct
517 2549 632 2582 litteris
646 2550 833 2592 apostolicis
849 2550 881 2582 in
897 2549 1095 2582 contrarium

361 2602 609 2646 praemissorum
635 2603 881 2645 quomodolibet
906 2602 1070 2635 concessis
1086 2629 1093 2642 ,

933 209 1007 233 w'tt
1022 208 1112 230 tntt'u
1137 208 1289 231 ΠΟΜᾸἺΚῚἺῘ

1140 255 1338 288 confirmatis
1364 260 1395 288 et
1420 255 1598 296 innovatis3
1626 257 1741 300 quibus
1775 256 1878 290 omni-

1140 308 1198 340 bus
1217 314 1249 341 et
1265 308 1410 351 singulis,
1429 310 1559 342 illorum
1583 315 1712 343 tenores
1726 321 1876 353 praesen·

1140 361 1224 393 tibus
1250 372 1308 404 pro
1333 363 1428 405 plene
1452 367 1484 394 et
1501 362 1700 395 sufficienter
1715 365 1875 406 expressis

1139 420 1169 446 et
1202 415 1240 447 ad
1272 416 1406 448 verbum
1438 415 1569 448 insertis
1602 415 1778 456 habentes,
1810 417 1875 451 illis

1137 468 1215 500 alias
1231 468 1262 500 in
1281 479 1338 501 suo
1353 469 1470 501 robore
1483 469 1715 512 permansuris,
1731 470 1769 502 ad
1784 480 1876 513 prae-

1136 521 1308 553 missorum
1335 520 1494 561 effectum,
1522 522 1582 554 hac
1606 521 1675 554 vice
1697 522 1871 564 dumtaxat,

1136 574 1321 616 specialiter
1332 580 1363 607 et
1378 585 1531 617 expresse
1545 575 1761 617 derogamus;
1778 581 1872 609 cete-

1135 627 1242 670 risque
1267 628 1435 660 contrariis
1463 628 1733 672 quibuscumque.

1178 681 1249 724 §le
1284 682 1435 714 Volumus
1470 687 1577 715 autem
1610 687 1647 714 ut
1681 683 1869 716 earumdem
1919 693 1983 714 futu<
2007 697 2062 716 uan-

1880 724 2016 746 suumn-trum.

1134 734 1356 776 praesentium
1374 734 1556 767 litterarum
1571 734 1793 777 transumptis,
1815 746 1871 768 seu

1133 787 1302 829 exemplis,
1328 787 1423 819 etiam
1455 787 1633 830 impressis,
1655 798 1752 820 manu
1774 788 1872 821 alicu·

1134 839 1182 871 ius
1210 840 1329 872 notarii
1353 840 1475 883 publici
1497 840 1696 883 subscriptis,
1714 841 1870 884 etsigillo

1132 904 1295 936 personae
1323 894 1356 925 in
1381 894 1598 926 ecclesiastica
1615 894 1771 936 dignitate
1795 905 1872 927 con-

1133 946 1261 979 stitutae
1297 946 1442 985 munitis,
1479 947 1591 980 eadem
1623 957 1757 989 prorsus
1790 947 1870 980 sides

1133 998 1254 1041 ubique
1282 1000 1429 1032 locorum
1466 1005 1530 1031 tam
1560 1000 1592 1031 in
1624 999 1743 1033 iudicio
1775 1011 1871 1043 quam

1133 1057 1222 1084 extra
1252 1051 1332 1085 illud
1362 1052 1541 1092 habeatur,
1576 1062 1657 1095 quae
1690 1052 1871 1085 haberetur

1131 1104 1212 1148 ipsis
1245 1105 1471 1148 praesentibus
1508 1105 1534 1138 si
1565 1105 1670 1139 forent
1704 1105 1870 1142 exhibitae

1132 1159 1180 1191 vel
1199 1163 1362 1192 ostensae.

1176 1211 1289 1244 Datum
1314 1212 1445 1252 Romae,
1463 1212 1549 1256 apud
1569 1212 1600 1245 S.
1619 1212 1749 1246 Mariam
1774 1212 1872 1247 Maio-

1133 1274 1209 1303 rem,
1226 1264 1285 1297 sub
1301 1266 1420 1298 annulo
1433 1265 1618 1306 Piscatoris‚
1636 1265 1688 1299 die
1702 1276 1732 1300 1x
1745 1265 1870 1299 februa-

1132 1316 1171 1348 rii
1186 1326 1363 1359 mcccxxxv,
1380 1318 1587 1361 pontificatus
1606 1319 1712 1352 nostri
1726 1329 1811 1353 anno
1825 1329 1868 1353 tx.

1168 1380 1225 1407 Dat.
1244 1379 1289 1406 die
1309 1380 1325 1407 9
1343 1379 1476 1408 februarii
1494 1381 1571 1415 1685,
1593 1381 1693 1416 pontif.
1715 1390 1762 1409 an.
1783 1387 1821 1410 tx.

1470 1525 1527 1558 CL.

1136 1604 1328 1639 Conceditur
1353 1605 1474 1640 Ordini
1496 1607 1637 1649 fratrum
1662 1606 1872 1642 Praedicato-

1176 1669 1251 1691 rum
1275 1660 1416 1702 facultas
1442 1660 1584 1693 habendi
1606 1661 1717 1704 plures
1744 1672 1872 1706 campa-

1176 1723 1236 1745 nas
1260 1714 1296 1746 in
1321 1724 1431 1746 eorum
1456 1714 1612 1747 coenobiis
1635 1725 1690 1748 seu
1707 1714 1867 1749 domibus.

1323 1795 1520 1822 Innocentius
1541 1795 1619 1829 Papa
1637 1795 1684 1830 xl,

1259 1839 1294 1866 ad
1310 1840 1487 1873 perpetuam
1503 1840 1547 1867 rei
1563 1842 1743 1868 memoriam.

1178 1909 1191 1952 ἓ
1209 1909 1240 1942 l.
1261 1909 1383 1951 Exponi
1409 1909 1504 1942 nobis
1524 1921 1628 1953 nuper
1642 1911 1718 1944 tecit
1734 1912 1872 1946 dilectus

1134 1961 1218 1994 silius
1235 1962 1370 1995 Iacobus
1388 1962 1513 1996 Riccius
1530 1969 1724 2007 procurator
1740 1975 1873 2008 genera-

1135 2015 1173 2048 lis
1210 2014 1339 2047 Ordinis
1374 2016 1507 2048 fratrum
1541 2016 1806 2051 Praedicatorum
1838 2019 1872 2052 in

1135 2071 1223 2100 sacra
1249 2069 1417 2112 theologia
1441 2069 1604 2112 magister,
1630 2070 1716 2113 quod
1741 2070 1774 2103 in
1791 2071 1873 2105 eius·

1136 2123 1207 2155 dem
1244 2121 1372 2155 Ordinis
1411 2122 1593 2165 primordio
1629 2123 1715 2157 illius
1755 2124 1871 2158 fratres

1137 2176 1267 2208 nonnisi
1293 2178 1357 2208 una
1377 2179 1533 2219 campana
1557 2176 1749 2218 utebantur,
1776 2182 1873 2221 atque

1137 2229 1180 2261 ita
1205 2240 1263 2272 per
1287 2229 1460 2272 quamdam
1486 2229 1586 2272 ipsius
1611 2229 1740 2263 Ordinis
1760 2230 1875 2263 consti-

1140 2282 1295 2316 tutionem
1310 2289 1452 2315 cavetur.
1472 2283 1589 2316 Verum
1603 2283 1635 2315 in
1653 2283 1876 2327 antiquissima

1140 2336 1381 2368 constitutionis
1422 2336 1610 2369 huiusmodi
1656 2336 1877 2370 declaratione

1142 2390 1298 2429 liabetur,
1325 2390 1402 2422 huic
1427 2389 1651 2423 constitutioni
1688 2390 1878 2433 derogatum

1142 2443 1237 2474 fuisse
1283 2453 1342 2485 per
1378 2443 1572 2475 contrariam
1607 2444 1879 2477 consuetudinem

1140 2495 1230 2537 quasi
1250 2496 1443 2537 generalem,
1463 2506 1527 2529 non
1547 2495 1678 2539 quidem
1695 2499 1816 2529 temere
1830 2496 1880 2529 in-

1141 2549 1265 2580 ductum
1287 2576 1294 2589 ,
1322 2549 1378 2582 sed
1404 2550 1444 2582 ad
1477 2549 1677 2582 excitandam
1710 2548 1879 2582 christiani

1140 2602 1253 2644 populi
1279 2602 1495 2643 devotionem,
1516 2612 1649 2646 eamque
1676 2601 1885 2640 consuetudi-,

1883 198 1934 234 An.
1952 209 1979 235 c.
1997 210 2063 238 1055

1908 1915 1997 1945 Species
2006 1915 2060 1938 [κη
