2111 3157
31 153 79 181 An.
94 151 122 180 C.
145 151 214 178 l688

41 2255 109 2279 Cam
122 2257 148 2280 n.

31 2281 68 2312 ‚⁰⁶2
82 2284 183 2306 electione

3 2312 86 2335 prioris.

218 201 273 240 lio,
301 200 433 234 demere
464 199 599 244 aliquid,
627 201 675 234 vel
700 199 865 233 additione
893 210 949 234 seu

217 253 408 286 alteratione
433 253 550 296 aliqua,
585 252 756 286 occasione
791 252 948 297 qualibet,

215 305 311 338 liceat
331 306 511 339 immutare.

258 369 327 392 vui.
355 358 466 392 Nullus
492 360 587 392 etiam
604 360 673 403 ipsa
690 364 806 393 statuta
819 369 950 403 praesu-

213 415 279 443 mat
302 412 446 454 glossare
477 413 527 445 vel
552 412 758 455 interpretari
783 413 851 445 sine
876 422 949 454 spe-

213 463 285 495 ciali
311 463 502 496 auctoritate
528 468 559 496 et
591 464 720 497 licentia
753 464 828 497 dicti
865 464 949 506 capi-

211 516 269 548 tuli
308 517 358 549 vel
397 517 568 549 reverendi
609 517 710 560 patris
745 517 944 550 Carthusiae.

211 566 272 600 Sed
298 568 322 600 si
354 568 429 611 quid
466 569 636 602 dubietatis
673 569 851 609 emerserit,
890 579 945 602 seu

209 620 428 663 quaestionis,
455 622 572 654 dictum
599 622 772 664 capitulum
803 632 859 654 seu
895 632 945 654 re-

208 673 369 706 verendus
399 679 492 717 pater
522 674 646 707 consuli
683 675 803 717 poterit
828 680 859 707 et
890 675 945 707 de-

208 725 298 758 bebit
322 736 381 769 pro
407 726 620 769 responsione
639 726 824 767 obtinenda,
843 727 869 759 si
887 728 943 760 du-

207 777 311 811 bietas
347 784 378 811 et
413 779 561 822 quaestio
605 779 677 812 talis
722 779 815 812 fuerit
860 790 941 822 quae

204 839 397 873 responsum
420 831 576 873 exegerit.

248 893 291 916 ix.
318 883 360 915 Ea
384 893 470 922 vero,
495 894 577 927 quae
603 895 665 917 non
691 889 765 917 sunt
788 895 942 928 expressa

204 935 236 968 in
258 936 395 975 statutis,
413 937 644 980 relinquuntur
660 938 842 971 ordinanda
856 939 940 981 prio-

204 998 275 1021 rum
300 988 454 1028 arbitri0;
482 988 525 1022 ita
561 990 734 1029 dumtaxat,
768 991 853 1034 quod
893 1002 937 1029 ea,

203 1051 285 1083 quae
299 1040 530 1079 ordinaverint,
548 1052 611 1074 non
633 1042 803 1075 dissonent
819 1044 858 1076 ab
877 1044 935 1076 eis.

202 1094 268 1126 llac
294 1099 399 1126 tamen
424 1094 604 1134 occasione,
619 1097 666 1128 vel
694 1097 763 1135 alia,
788 1097 937 1129 nolumus

201 1146 374 1179 domorum
398 1147 649 1180 consuetudines
669 1148 821 1182 honestas
844 1154 875 1181 et
893 1160 938 1181 re-

199 1198 346 1240 ligiosas,
372 1204 404 1232 et
428 1210 511 1242 quae
536 1201 738 1234 vel¹c011tra
763 1206 882 1234 statuta
907 1207 934 1234 et

199 1251 318 1295 scripta
343 1252 474 1294 capituli
492 1262 557 1285 non
573 1259 657 1293 sunt,
684 1254 797 1286 leviter
814 1266 830 1287 a
851 1255 936 1297 prio-

198 1304 287 1337 ribus
311 1303 487 1337 immutari.

241 1367 272 1390 x.
320 1357 432 1390 Libros
474 1368 603 1400 quoque
637 1358 758 1391 Veteris
795 1365 827 1392 et
856 1359 934 1392 Novi

197 1409 394 1442 Testamenti
427 1415 459 1443 et
494 1411 789 1445 ecclesiasticorum
826 1413 935 1446 docto-

197 1472 282 1502 rum,
318 1472 355 1495 ac
393 1463 521 1495 denium
558 1475 672 1497 omncs
708 1476 778 1498 cum
817 1465 932 1509 quibus

197 1515 403 1548 celebrantur
428 1516 536 1549 divina
562 1517 675 1556 officia,
691 1519 801 1550 nullus
826 1529 934 1551 emen-

197 1568 274 1600 dare
298 1574 491 1610 praesumat,
515 1569 575 1601 nisi
602 1580 661 1612 per
681 1570 781 1603 libros
801 1571 933 1604 Carthu-

195 1620 273 1658 siae,
289 1621 339 1653 vel
364 1621 443 1653 alios
468 1621 554 1653 iuxta
579 1622 705 1654 illorum
731 1627 876 1656 tenorem
902 1630 932 1656 et

196 1673 253 1705 ad’
267 1673 370 1706 Biblia
387 1672 521 1712 Sixtina‚
537 1673 568 1706 id
587 1680 635 1706 est
651 1676 810 1717 vulgatam
823 1676 932 1709 editio-

195 1735 279 1764 nem,
296 1725 493 1758 emendatos.
521 1726 551 1759 Si
577 1736 651 1759 vero
675 1729 812 1770 posthac
831 1729 931 1772 aliqui

195 1779 269 1810 novi
300 1777 375 1810 libri
412 1788 449 1811 ex
481 1779 673 1821 supradictis
706 1780 932 1823 imprimantur

195 1836 248 1863 aut
282 1831 524 1870 describantur,
562 1832 752 1865 ordinamus
788 1834 929 1877 imprimi

193 1884 244 1916 vel
268 1884 439 1917 transcribi
465 1894 500 1917 ex
523 1886 762 1928 exemplaribus
780 1892 814 1919 ut
835 1897 930 1930 supra

195 1937 384 1969 emendatis.
406 1935 464 1974 Qui
489 1943 593 1970 autem
619 1938 713 1971 aliter
744 1949 800 1972 eos
833 1941 929 1972 corri-

192 1998 271 2031 gere
295 1989 345 2022 vel
370 1988 555 2022 describere
580 1991 847 2034 praesumpserit,
874 1998 929 2024 aut

193 2040 290 2073 etiam
321 2040 463 2083 imprimi
499 2042 668 2080 curaverit,
701 2043 880 2076 districtam
911 2055 928 2077 a

192 2093 333 2136 capitulo
372 2094 518 2136 generali
557 2096 607 2128 vel
650 2095 876 2137 visitatoribus,
901 2098 925 2129 si

192 2145 382 2188 praesidens
406 2151 472 2184 est,
499 2146 525 2178 si
549 2157 624 2179 vero
649 2148 803 2188 subditus,
829 2159 847 2181 a
866 2159 926 2182 suo

192 2197 361 2241 superiore
386 2198 539 2241 suscipiat
562 2199 777 2243 disciplinam.

236 2260 259 2284 ι.
285 2250 362 2284 Cum
387 2251 529 2293 priorem
554 2251 781 2296 cuiuscumque
812 2254 925 2287 domus

192 2302 320 2336 Ordinis
344 2303 446 2336 nostri
472 2303 571 2343 obire,
587 2305 635 2337 vel
660 2305 822 2338 dimittere
840 2308 925 2350 prio-

191 2362 297 2391 ratum
329 2356 369 2390 ad
399 2356 535 2390 tori-narn
574 2362 765 2391 statutorum
798 2366 925 2393 nostro-

229 2479 241 2506 ¹
265 2477 399 2506 particula
417 2478 460 2505 vel
478 2478 610 2506 redundat
629 2481 668 2509 tn.
687 2480 738 2512 τ.).

226 2521 246 2550 2
263 2521 333 2550 Edit.
355 2523 436 2550 Main.
458 2523 522 2556 legit
540 2531 556 2551 a
576 2531 623 2558 pro
641 2524 680 2551 ad
698 2527 739 2558 (n.
754 2526 803 2559 τ.).

300 2584 378 2611 Butl.
395 2585 476 2612 Rom.
489 2600 521 2605 —
542 2585 600 2611 Vol.
620 2586 693 2613 XIX.
839 2587 888 2614 100

815 151 1026 177 INNOCENTIUS
1048 153 1077 176 Xl
1104 153 1150 176 FP.

993 210 1062 232 rum
1081 200 1132 242 (“),
1152 199 1200 233 vel
1217 200 1310 233 etiam
1331 208 1389 242 per
1409 198 1588 231 visitatores
1604 199 1634 230 in
1650 203 1723 230 actu

992 252 1185 286 visitationis
1209 253 1332 286 absolvi
1363 252 1545 295 contigerit,
1575 250 1723 294 post'se·

992 306 1161 348 pulturam,
1188 305 1422 344 dimissionem,
1458 309 1513 338 aut
1542 304 1722 337 absolutio-

990 368 1063 390 nem
1078 359 1274 399 huiusmodi‚
1292 358 1437 398 vicarius,
1452 362 1516 398 aut,
1534 368 1572 391 eo
1589 357 1722 391 absente

990 412 1038 443 vel
1063 411 1231 454 impedito,
1258 411 1424 455 antiquior
1455 411 1582 450 domuS,
1607 410 1656 443 cui
1681 411 1721 444 sit

991 463 1198 496 commissum
1224 463 1363 496 officium
1388 463 1600 507 antiquioris,
1625 463 1721 496 debet

990 522 1062 548 ante
1095 517 1203 549 omnia
1235 516 1267 549 in
1304 517 1504 559 colloquium
1541 526 1720 549 convocare

988 574 1191 609 conventum,
1219 574 1249 601 et
1274 568 1403 608 ibidem,
1437 569 1522 602 dicto
1547 569 1636 612 prius
1660 579 1721 612 per

988 631 1071 659 eum,
1099 627 1133 653 ut
1158 622 1256 654 moris
1288 627 1347 661 est,
1382 622 1574 662 Benedicite,
1611 633 1719 656 coram

986 673 1135 706 omnibus
1161 684 1357 717 proponere,
1384 675 1480 717 quod,
1507 685 1578 707 cum
1605 675 1718 708 domus

986 725 1027 757 sit
1051 727 1162 759 orbata
1187 731 1334 769 pastore,
1360 737 1495 760 necesse
1531 733 1581 760 est
1611 733 1647 760 ut
1679 729 1718 761 de

985 788 1067 810 novo
1093 779 1201 821 priore
1226 779 1448 822 provideatur.

1027 841 1061 864 ιι.
1089 831 1220 869 Deinde,
1237 831 1263 864 si
1289 831 1404 864 domus
1432 833 1513 864 forte
1539 837 1588 865 est
1607 844 1716 876 parva,

983 888 1037 915 aut
1072 883 1206 916 omnino
1240 883 1311 917 talis
1349 885 1433 926 quod
1473 885 1582 927 aliquo
1621 888 1718 919 modo

983 936 1082 978 possit
1107 935 1246 968 dubitari
1280 946 1317 968 an
1351 936 1396 968 ibi
1427 941 1474 969 tot
1508 937 1572 970 sint
1607 938 1716 971 idonei

982 989 1148 1028 electores,
1175 994 1255 1031 quot
1286 990 1458 1022 necessarii
1496 996 1570 1022 sunt
1604 991 1642 1024 ad
1676 999 1708 1024 tit

981 1041 1129 1074 ciendum
1159 1042 1352 1074 electionem
1389 1047 1423 1074 ut
1455 1043 1538 1075 infra
1568 1043 1716 1084 dicetur,

981 1093 1110 1126 debebit
1135 1095 1256 1127 ibidem
1293 1105 1403 1128 coram
1429 1095 1579 1129 omnibus
1609 1098 1718 1130 taliter

981 1152 1127 1187 tractare,
1154 1148 1238 1190 quod
1258 1158 1314 1191 per
1330 1149 1429 1181 talem
1451 1149 1629 1182 discursum
1652 1161 1717 1183 ma-

979 1201 1093 1233 nifeste
1119 1206 1252 1239 constet,
1279 1211 1317 1233 an
1344 1202 1416 1234 talis
1435 1202 1549 1234 domus
1572 1203 1715 1245 legitime

978 1254 1087 1296 possit,
1113 1255 1139 1286 si
1159 1254 1235 1293 vult,
1254 1259 1306 1286 aut
1325 1255 1419 1287 etiam
1437 1265 1502 1288 non
1523 1255 1624 1298 possit
1640 1266 1717 1299 pro-

978 1306 1093 1338 cedere
1119 1307 1158 1338 ad
1182 1306 1375 1339 electionem
1401 1307 1591 1340 faciendam.

1021 1369 1070 1391 ιιι.
1087 1359 1122 1391 Et
1135 1358 1210 1401 quia
1234 1359 1297 1391 hoc
1321 1364 1475 1393 constare
1502 1371 1565 1393 non
1592 1366 1712 1405 potest,

977 1411 1038 1444 nisi
1064 1412 1153 1454 prius
1179 1411 1300 1444 sciatur
1338 1418 1417 1455 quot
1449 1418 1481 1445 et
1513 1415 1625 1456 quales
1657 1425 1716 1447 ne-

977 1464 1115 1496 cessario
1140 1464 1350 1506 requiruntur
1381 1465 1419 1497 ad
1445 1466 1639 1500 electionem
1664 1477 1715 1499 ca-

977 1517 1093 1549 nonice
1130 1516 1327 1549 faciendam:
1354 1517 1473 1550 ideirco
1509 1518 1655 1559 dicimus,
1682 1526 1714 1552 et

976 1575 1133 1612 quatenus
1159 1580 1241 1612 opus
1268 1575 1315 1602 est
1338 1571 1508 1604 statuimus
1541 1577 1573 1604 et
1609 1572 1713 1606 decla-

975 1633 1080 1654 ramus
1105 1623 1344 1665 quodammodo
1370 1623 1402 1656 in
1427 1623 1516 1656 omni
1548 1635 1622 1657 casu
1648 1627 1713 1658 ele-

974 1674 1089 1707 ctionis
1120 1685 1186 1707 non
1222 1676 1342 1717 poterit
1380 1686 1441 1708 nec
1477 1677 1609 1709 debebit
1643 1680 1711 1712 ullo

975 1728 1069 1760 modo
1094 1728 1226 1770 procedi
1253 1729 1291 1760 ad
1313 1729 1507 1762 electionem
1530 1730 1709 1765 faciendam

974 1780 1033 1812 uisi
1059 1780 1111 1812 ubi
1137 1780 1256 1813 fuerint
1279 1782 1392 1813 saltem
1412 1787 1549 1824 quatuor
1570 1784 1709 1826 professi

973 1833 1086 1865 domus
1117 1833 1267 1875 eligentis
1299 1833 1353 1876 qui
1394 1834 1489 1867 etiam
1526 1836 1610 1868 ultra
1646 1837 1709 1871 hoc

972 1885 1036 1917 sint
1059 1885 1167 1918 idonei
1193 1886 1230 1918 ad
1256 1885 1435 1920 faciendam
1457 1887 1661 1922 electionem.

1015 1948 1056 1971 ιν.
1076 1937 1144 1970 Non
1170 1943 1245 1970 sunt
1270 1944 1376 1971 autem
1398 1940 1435 1972 ad
1457 1939 1489 1972 id
1508 1940 1627 1980 idonei,
1642 1942 1707 1976 sive

971 2000 1034 2022 non
1062 1990 1183 2023 habent
1198 2000 1308 2023 vocem
1327 1991 1478 2034 eligendi,
1498 1993 1623 2026 etiamsi
1644 1995 1708 2028 sint

970 2042 1106 2085 professi
1147 2043 1262 2075 domus
1301 2044 1462 2086 eligentis,
1505 2045 1705 2090 infrascripti

948 2095 1176 2138 *quicumque,
1202 2095 1365 2129 videlicet:
1399 2097 1513 2139 primo,
1549 2099 1603 2142 qui
1639 2110 1705 2134 non

969 2153 1042 2179 sunt
1067 2147 1207 2190 promoti
1232 2149 1345 2181 saltem
1362 2149 1401 2181 ad
1415 2150 1702 2193 subdiaconatum3

969 2200 1087 2232 deiude
1112 2199 1236 2242 fugitivi
1257 2211 1460 2245 quacumque
1481 2202 1554 2246 fuga
1571 2209 1603 2236 et
1623 2215 1705 2248 quo-

1005 2307 1024 2335 ·)
1036 2305 1185 2331 Ordinatio
1200 2305 1471 2340 capituliqenerntis
1486 2314 1621 2335 MDchvlt.
1635 2309 1703 2337 «Vl-

966 2349 1090 2375 sitatores
1111 2349 1150 2375 vel
1172 2350 1349 2376 commissarii
1374 2350 1407 2377 de
1433 2356 1523 2378 cetero
1546 2360 1599 2379 non
1622 2361 1703 2387 prae·-

965 2398 1072 2420 sumant
1099 2393 1241 2420 admittere
1269 2395 1477 2428 resignationem
1508 2396 1639 2430 priorum,
1660 2399 1702 2426 iel

965 2438 1053 2464 facere
1070 2437 1108 2464 eis
1128 2437 1347 2471 misericordiam,
1369 2439 1425 2465 sine
1442 2441 1521 2466 tit-ent
1533 2442 1546 2467 ὁ
1563 2442 1702 2470 reverendi

967 2487 1064 2516 pati-iffi
1093 2482 1137 2517 qui
1166 2490 1227 2509 vero
1248 2483 1281 2509 de
1301 2483 1359 2510 eius
1388 2483 1492 2511 mentia
1520 2485 1544 2511 id
1567 2485 1699 2520 fecerint,

966 2536 1013 2562 pro
1033 2528 1064 2554 ea
1086 2527 1140 2553 vice
1159 2531 1213 2554 siut
1231 2527 1257 2554 in
1278 2528 1370 2555 eadem
1391 2528 1472 2557 domo
1491 2529 1653 2566 inehgihttes
1673 2539 1698 2558 ι.

1624 141 1686 174 703
1733 150 1780 177 An.
1802 149 1829 176 C.
1850 149 1914 175 nise
