2111 3157
178 209 229 238 An.
251 208 279 236 C.
298 207 364 237 1087

204 537 324 562 Exordium.

206 1657 368 1679 commendatur

184 1687 262 1706 divium
304 1686 367 1706 colic-

183 1719 246 1739 giutu.

413 197 476 232 7:³³0

415 256 645 289 monarhaenarm
675 253 927 292 Cassinmzsium,
948 257 975 285 et
998 262 1058 296 pro
1076 262 1108 284 eo

416 310 497 354 legyt’s
521 309 701 342 nonnullae
725 304 943 339 condunlm·¹.

555 371 752 400 Innocentius
774 371 853 403 Papa
872 370 920 403 XI,

490 417 526 444 ad
546 419 722 449 perpetuam
741 415 785 441 rei
806 414 992 441 memoriam.

416 470 616 503 inscrutabili
643 469 769 501 divinae
807 468 984 511 sapientiae
1015 472 1110 510 atque

370 524 527 557 bonitatis
547 534 663 556 arcano
686 522 865 555 catholicae
883 521 1045 555 Ecclesiae
1062 531 1111 553 re-

374 578 486 621 gimini
513 577 636 609 meritis
670 577 748 609 licet
779 575 957 619 imparibus
986 573 1111 617 praesi-

373 632 507 670 dentes,
534 640 694 662 sacrarum
712 656 719 669 ‚
747 629 857 672 eisque
890 627 1110 661 ancillantium

373 684 532 716 bonarum
550 683 728 716 litterarum
744 682 856 721 studia,
873 692 932 725 per
950 691 1043 724 quae,
1057 681 1111 713 de-

374 739 466 781 pulsa
490 736 694 779 ignorantiae
716 736 868 778 caligine,
894 740 1022 767 mentes
1042 735 1110 767 luce

374 791 517 823 veritatis
552 790 771 829 illustrantur,
806 789 837 820 in
870 787 1044 821 Ordinibus
1081 793 1111 819 et

374 843 686 886 Congregationihus
704 841 906 885 regularibus
923 840 1110 884 pracsertim

376 899 434 930 sub
460 897 547 930 suari
573 896 771 929 monasticae
790 895 871 927 ritae
891 896 966 937 iugo
985 895 1049 927 Deo
1070 894 1111 926 fa-

375 950 580 988 mulantibus,
604 950 784 991 uberesque
801 948 960 981 bonorum
978 958 1111 991 operum

376 1004 499 1036 fructus
526 1003 697 1035 adiurante
723 1001 858 1034 Domino
895 1001 1040 1044 proferre
1065 1000 1113 1033 iu—

376 1057 459 1100 giter
480 1055 710 1098 satagentibus,
726 1055 865 1087 libenter
889 1056 1062 1087 excitamus
1083 1059 1114 1086 et

376 1120 609 1154 promovemus,
637 1120 673 1141 ac
698 1107 869 1151 pastoralis
895 1107 991 1140 officii
1014 1107 1112 1140 nostri

376 1168 485 1207 partes
520 1161 678 1205 peculiari
713 1162 854 1204 desuper
884 1160 1042 1192 charitate
1068 1160 1114 1192 in-

377 1215 700 1260 tet·p0ni1nus,sicut‚
728 1225 848 1255 rerum,
876 1220 1058 1257 temporum
1084 1220 1115 1247 et

376 1280 590 1314 personarum
615 1268 826 1312 qualitatibus
847 1272 993 1300 maturae
1011 1268 1115 1301 consi-

378 1323 555 1356 derationis
571 1322 691 1354 trutina
705 1322 887 1365 perpensis,
910 1322 949 1354 ad
968 1322 1116 1364 omnipo—

378 1378 476 1410 tentis
502 1376 557 1409 Dei
582 1376 729 1419 gloriam,
756 1376 924 1418 religionis
950 1380 981 1408 et
1006 1376 1115 1408 catho-

377 1431 457 1464 licae
484 1429 557 1462 fidei
583 1430 818 1464 incrementum
844 1435 875 1462 et
898 1428 1113 1472 praesidium,

378 1494 414 1517 ac
446 1484 593 1527 ipsorum
619 1483 795 1523 Ordinum,
830 1482 1116 1525 Congrcgationis‘2

379 1539 476 1570 decus
505 1543 536 1570 et
561 1537 746 1577 utilitatem,
765 1536 1009 1579 animarumque
1033 1538 1116 1569 salu-

379 1596 441 1624 tem
468 1591 499 1623 in
525 1590 661 1624 Domino
686 1590 837 1633 expedire
863 1590 1065 1622 arbitramur.

374 1634 394 1648 '
422 1645 437 1687 ἓ
465 1644 492 1677 1.
528 1644 778 1676 Considerantes
815 1644 924 1686 itaque
961 1648 1115 1686 quantum

380 1698 506 1731 decoris
532 1703 564 1730 et
595 1696 744 1729 utilitatis
771 1696 1020 1739 Congregationi
1045 1696 1117 1727 Cas-

379 1751 502 1784 sincnsi
529 1751 766 1783 monachorum
785 1749 914 1782 Ordinis
938 1749 1038 1781 sancti
1064 1749 1117 1781 Be-

378 1805 509 1844 nedicti,
528 1805 618 1837 cuius
637 1804 768 1845 egregia
790 1808 939 1836 constant
955 1802 986 1834 in
1010 1802 1117 1834 Eccle-

378 1858 456 1891 siam
476 1858 531 1890 Dei
550 1857 674 1895 merita,
695 1857 735 1888 sit
760 1855 1018 1900 perventurum⁸‚
1038 1855 1063 1887 si
1085 1855 1117 1887 in

378 1911 578 1944 monasterio
597 1911 628 1944 S.
645 1910 731 1943 Pauli
759 1920 860 1952 prope
879 1915 911 1942 et
929 1914 1018 1942 extra
1036 1919 1116 1941 moe·

378 1965 431 1997 nia
450 1965 543 1996 huius
569 1965 673 1996 almae
691 1963 785 1995 Urbis
807 1968 947 2002 nostrae,
970 1962 1117 1995 eiusdem

379 2019 645 2060 Cotigt·eg÷,ttionis
674 2018 844 2057 collegium
875 2016 1114 2055 studiosorum,

378 2072 410 2105 in
437 2083 499 2115 quo
525 2071 675 2104 monachi
710 2071 813 2114 ipsius
850 2069 1117 2112 C‹;»1]g1=egati011is

379 2126 612 2170 philosophiae
651 2130 682 2157 et
718 2135 827 2157 sacrae
855 2123 1039 2165 theologiae
1068 2124 1116 2155 vel

379 2191 539 2213 canonum
565 2179 678 2212 studiis
700 2179 812 2211 sedulo
833 2181 950 2210 navent
976 2186 1117 2219 operam,

380 2233 570 2277 opportunis
597 2232 778 2265 rationibus
804 2231 1008 2269 instituatur,
1039 2229 1118 2262 iain-

415 2306 427 2331 1
452 2304 662 2331 Constitutiones
692 2311 785 2329 eorum
815 2300 1009 2328 monachorum
1029 2304 1120 2327 extant

380 2350 406 2375 in
419 2350 525 2375 constit.
542 2349 583 2375 ed.
598 2354 736 2379 iioCLxxx,
754 2347 797 2373 die
811 2353 863 2373 xxii
877 2345 1040 2378 novembris,
1052 2353 1119 2379 pon-

382 2394 498 2419 tint-atus
519 2401 553 2425 γ’,
575 2397 601 2418 ct
621 2392 755 2426 quoddam
776 2395 901 2417 statutum
924 2398 970 2424 pro
991 2390 1063 2416 dieta
1077 2389 1119 2415 in·

382 2438 512 2463 terunt-tha
534 2438 559 2462 in
577 2437 724 2463 lituoretitii
745 2436 788 2462 ΧΗ
810 2435 916 2461 constit.
939 2434 981 2461 ed.
1004 2440 1118 2469 tuomet,

383 2484 425 2509 dio
449 2490 529 2508 xxxin
552 2484 618 2513 iulii,
640 2483 733 2516 pontif.
755 2489 772 2509 t.

419 2528 434 2553 ‘2
457 2527 544 2553 Potius
565 2529 623 2559 lege
646 2528 788 2553 ominum
809 2530 834 2554 el
857 2526 1117 2560 Conyressalionum

384 2573 423 2607 (tt.
442 2580 490 2597 τη.

422 2619 431 2644 1
455 2617 547 2652 Aptius
566 2620 772 2651 2›7·orc›1(urun1
797 2616 830 2651 [tt.
850 2616 897 2650 r).

952 204 1131 228 ntYLLAnttttt
1155 201 1306 228 ttomxmt

1151 263 1213 295 que
1238 251 1370 294 provida
1395 250 1597 295 superiorum
1618 252 1806 286 monasterii
1831 262 1887 287 seu

1151 304 1418 348 Congtegationis
1443 305 1629 339 huiusmodi
1656 305 1813 339 industria
1846 306 1887 339 de

1152 358 1204 398 iis,
1232 368 1313 401 quae
1339 359 1376 391 ad
1403 359 1560 392 eiusmodi
1586 359 1725 402 collegii,
1754 359 1887 403 eiusque

1151 411 1370 454 collegialium
1388 417 1418 444 et
1437 413 1594 445 lectorum
1620 412 1888 446 sustentationem

1152 470 1183 497 et
1208 465 1486 498 manutentionem
1512 467 1697 499 necessaria
1722 471 1807 508 sunt,
1825 466 1889 500 suf-

1152 517 1297 551 ficienter
1320 519 1484 562 provisum
1515 520 1674 563 reperiri:
1699 525 1788 554 motu
1813 532 1889 564 pro-

1891 204 1944 233 An.
1964 205 1992 235 c.
2010 207 2073 250 ies-i

1151 571 1244 614 prio,
1277 582 1312 604 ac
1349 583 1386 604 ex
1411 573 1500 605 certa
1537 572 1670 605 scientia
1701 579 1734 606 et
1763 576 1902 608 matura

1152 625 1386 659 deliberatione
1407 625 1533 665 nostris,
1563 626 1667 669 deque
1693 626 1888 670 apostolicae

1153 679 1321 721 potestatis
1345 679 1566 722 plenitudine,
1594 679 1626 713 in
1649 681 1795 723 praefato
1820 691 1891 715 mo-

1153 733 1294 766 nasterio
1313 732 1343 765 S.
1360 733 1458 772 Pauli,
1473 738 1503 764 et
1516 733 1696 776 respective
1710 733 1742 766 in
1757 734 1890 768 aedibus

1153 786 1183 818 S.
1211 785 1318 818 Calisti
1346 786 1385 818 de
1411 786 1524 818 eadem
1549 786 1644 825 Urbe,
1664 787 1717 819 ubi
1738 787 1890 821 monachi

1154 839 1228 871 dicti
1254 838 1441 871 monasterii
1463 839 1585 872 aestivo
1605 844 1752 883 tempore
1771 840 1892 883 degere

1154 893 1269 931 solent,
1295 902 1392 925 unum
1417 892 1591 935 collegium
1609 893 1835 934 studiosorum,
1857 894 1890 928 in

1155 956 1218 989 quo
1237 945 1349 978 decem
1378 946 1492 978 saltem
1511 945 1661 979 monachi
1686 946 1822 990 professi
1843 947 1891 980 di-

1154 1006 1222 1033 ctae
1247 999 1515 1042 Congregationis
1541 998 1739 1032 Cassinensis
1763 1000 1892 1034 theolo-

1155 1054 1223 1096 giae
1249 1053 1463 1086 scholasticae
1488 1056 1520 1085 et
1544 1062 1707 1087 sacrorum
1732 1062 1893 1088 canonum

1155 1106 1268 1139 studiis
1293 1105 1350 1138 sub
1376 1105 1501 1139 idoneis
1519 1105 1697 1139 lectoribus
1714 1115 1770 1140 seu
1792 1105 1893 1150 magi-

1155 1160 1228 1193 stris
1254 1170 1386 1203 operam
1412 1169 1545 1199 navare‚
1564 1164 1596 1192 et
1619 1159 1651 1192 in
1674 1159 1739 1193 illis
1756 1159 1890 1201 institui,

1156 1219 1252 1257 atque
1284 1213 1400 1247 sedulo
1437 1213 1554 1246 instrui
1590 1213 1751 1254 debeant,
1777 1217 1893 1248 tenore

1156 1267 1386 1311 praesentium,
1398 1266 1466 1299 sine
1481 1266 1671 1310 cuiusquam
1683 1265 1891 1310 praeiudicio,

1157 1321 1189 1353 in
1211 1325 1406 1364 perpetuum
1428 1319 1582 1362 erigimus
1607 1325 1636 1353 et
1659 1319 1868 1353 instituimus.

1201 1375 1215 1417 ς
1240 1373 1271 1406 02.
1298 1373 1491 1413 statuentes,
1510 1377 1542 1406 et
1563 1372 1742 1416 apostolica
1755 1373 1894 1407 auctori-

1160 1432 1221 1459 tate
1243 1427 1455 1459 decernentes
1481 1431 1512 1458 et
1528 1416 1724 1465 ordinantes,
1743 1431 1778 1458 ut
1795 1427 1896 1459 lecto-

1159 1490 1210 1513 res
1237 1489 1292 1512 seu
1325 1479 1470 1521 magistri
1503 1479 1535 1511 in
1570 1489 1654 1512 novo
1687 1479 1826 1522 collegio
1852 1479 1897 1512 sic

1159 1538 1264 1567 erecto
1282 1537 1314 1566 et
1335 1533 1482 1566 instituto
1508 1532 1659 1565 scientias
1685 1532 1842 1572 edocturi‚
1858 1543 1895 1565 ex

1159 1586 1271 1619 ordine
1289 1586 1401 1618 saltem
1421 1585 1617 1617 decanorum
1636 1584 1740 1618 dictae
1758 1584 1898 1627 Congre-

1159 1638 1296 1681 gationis
1314 1637 1514 1671 Cassinensis
1539 1637 1729 1680 seligantur,
1752 1637 1839 1681 iique
1857 1638 1897 1671 ad

1159 1692 1189 1724 id
1216 1691 1356 1724 muneris
1381 1690 1492 1723 idonei
1518 1695 1721 1731 censeantur,
1739 1690 1792 1734 qui
1814 1691 1898 1733 opti-

1159 1746 1218 1778 mis
1244 1745 1391 1778 moribus
1416 1744 1566 1787 vitaeque
1592 1743 1779 1786 integritate
1803 1754 1898 1787 prae-

1159 1799 1253 1842 cipue
1275 1798 1399 1840 fulgere
1424 1802 1613 1836 noscentur,
1633 1796 1753 1840 quique
1771 1807 1830 1841 per
1849 1796 1898 1829 in-

1161 1858 1284 1894 tegrum
1304 1851 1510 1894 septennium
1534 1850 1566 1882 in
1592 1850 1662 1883 aliis
1684 1849 1898 1883 monasterio-

1160 1916 1229 1938 rum
1247 1904 1392 1938 eiusdem
1412 1902 1682 1945 Congregationis
1700 1901 1820 1936 scholis
1844 1908 1899 1936 aut

1161 1960 1190 1991 in
1209 1957 1472 1991 universitatibus
1493 1956 1674 1989 studiorum
1695 1955 1898 1998 generalium

1159 2010 1402 2056 philosophiam
1435 2014 1467 2042 et
1499 2009 1729 2042 scholasticam
1767 2009 1898 2043 theolo-

1160 2067 1243 2109 giam
1269 2065 1397 2108 publice
1421 2063 1557 2107 professi
1577 2062 1707 2096 fuerint.
1729 2061 1774 2096 Ne
1792 2068 1899 2100 autem

1160 2121 1290 2153 illorum
1309 2118 1500 2152 electionem
1525 2118 1593 2150 ulla
1617 2127 1751 2160 prorsus
1769 2121 1899 2150 terrena

1160 2174 1284 2207 atl'eetio
1310 2172 1528 2212 contaminet,
1558 2171 1655 2204 iidem
1680 2170 1817 2204 lectores
1842 2181 1900 2204 seu

1161 2227 1306 2271 magistri
1332 2227 1363 2259 in
1389 2225 1528 2270 capitulo
1563 2224 1708 2268 generali
1732 2225 1898 2269 praefatae

1161 2280 1430 2325 Congregationis
1453 2279 1653 2313 Cassinensis
1671 2290 1688 2312 a
1705 2279 1827 2312 cunctis
1847 2278 1900 2311 de-

1162 2335 1344 2369 finitoribus
1369 2344 1429 2378 per
1453 2338 1577 2366 secreta
1601 2331 1900 2376 sutfragia-eligan-

1163 2395 1233 2428 tur,
1261 2388 1418 2432 praestito
1443 2386 1533 2431 prius
1559 2386 1738 2419 iuramento
1764 2395 1819 2419 eos
1844 2385 1900 2419 eli-

1162 2443 1271 2485 gendi,
1292 2453 1373 2485 quos
1400 2440 1573 2480 doctiores,
1594 2439 1736 2484 aptiores
1760 2445 1791 2472 et
1807 2449 1900 2483 prac-

1163 2496 1337 2528 stantiores
1353 2505 1422 2528 csse
1440 2505 1498 2537 pro
1514 2495 1570 2526 sua
1586 2492 1723 2537 quisque
1738 2492 1900 2526 conscien-

1164 2551 1204 2581 tia
1231 2550 1261 2582 in
1288 2549 1423 2582 Domino
1450 2546 1649 2579 iudicaverit.
1673 2545 1734 2589 Ipsi
1763 2555 1838 2578 vero
1857 2546 1900 2577 lc-

1163 2609 1268 2636 ctores
1288 2613 1342 2635 seu
1370 2600 1512 2645 magistri
1540 2600 1598 2632 hac
1621 2600 1722 2632 fornia
1743 2598 1847 2639 electi,
1867 2597 1899 2630 in

1925 1384 1956 1407 Do
1965 1383 2083 1406 tector-ihus.
