2111 3157
23 232 73 260 An.
90 230 117 260 C.
140 232 206 259 1679

799 220 1011 260 innocnnrms
1033 237 1064 260 xi
1089 237 1137 260 rr.

216 282 248 313 in
269 281 421 321 futurum,
438 282 625 325 plenissime
645 282 820 325 suffragari,
839 283 949 325 sicque
970 296 971 312 1
992 285 1107 317 larium
1136 283 1332 327 praeposita,
1352 284 1498 327 partibus
1524 284 1649 324 auditis,
1674 296 1724 317 re-

216 334 248 366 in
274 335 457 377 praemissis
489 346 547 378 per
572 346 793 379 quoscumque
827 335 949 368 iudices

215 440 322 481 palatii
348 440 518 482 apostolici
547 439 726 479 auditores,
754 440 889 472 iudicari
916 446 948 473 et

215 492 342 524 deliniri
369 492 508 531 debere,
536 502 571 523 ac
597 492 722 524 irritum
749 497 781 524 et
804 493 900 524 inane
922 493 947 524 si

214 554 306 577 secus
331 555 430 587 super
454 544 504 577 his
530 555 545 576 a
567 555 739 587 quoquam,
764 545 873 587 quavis
898 555 949 577 au-

214 597 376 636 ctoritate,
393 597 534 629 scienter
557 598 606 629 vel
632 597 830 639 ignoranter,
847 598 949 630 conti-

214 649 296 690 gerit
320 649 480 681 attentari.

256 701 271 743 g
295 701 326 734 5.
353 701 421 734 'Non
453 702 658 734 obstantibus
689 702 888 745 praemissiS,
912 714 948 735 ac

212 755 496 787 constitutionibus
522 761 554 787 et
582 756 839 788 ordinationibus
871 766 948 798 apo-

211 808 340 847 stolicis,
359 819 485 841 necnon
501 809 652 841 omnibus
671 814 703 841 et
720 808 855 851 singulis
872 809 947 848 illis,

212 871 294 903 quae
330 861 362 894 in
398 861 512 894 litteris
550 861 760 904 praeinsertis
796 872 948 894 concessa

211 921 284 947 sunt
308 925 372 947 non
399 915 538 954 obstare,
565 915 745 957 ceterisque
777 915 949 947 contrariis

211 967 478 1010 quibuscumque.

254 1021 367 1053 Datum
392 1021 531 1060 Romae,
555 1021 639 1064 apud
664 1021 695 1053 S.
722 1021 861 1060 Petrum,
887 1021 947 1052 sub

210 1074 330 1106 annulo
343 1073 528 1113 piscatoris,
544 1074 594 1106 die
610 1084 671 1106 xvn
686 1073 763 1105 iunii
779 1083 947 1113 tincmxix,

209 1125 417 1169 pontificatus
436 1126 542 1158 nostri
563 1136 648 1158 anno
667 1136 715 1159 111.

46 712 201 734 Contrariorum

20 738 136 764 derogatio.

245 1188 306 1215 Dat.
328 1188 370 1215 die
393 1189 422 1214 17
443 1188 510 1215 iunii
531 1188 610 1222 1679,
632 1188 726 1223 ponus.
745 1197 814 1216 anno
836 1195 876 1215 111.

522 1331 636 1364 vanz

210 1409 432 1452 Confirmatio·
470 1410 631 1442 decretum
680 1410 946 1453 Conqreqalz'fmis

252 1464 471 1506 episcoporum
504 1466 532 1495 rt
562 1463 785 1506 reqularium,
810 1474 873 1506 qno
895 1463 947 1495 de-

251 1516 413 1548 claratum
438 1517 502 1559 snit
519 1517 636 1558 fratres
657 1516 871 1548 Discatceatos
889 1516 945 1549 Or-

254 1569 344 1602 dinis
369 1569 400 1602 S.
428 1569 614 1612 Anqustim'
644 1579 710 1601 non
746 1569 863 1602 habere
896 1569 947 1601 ins

252 1623 455 1665 ayqreqandi
478 1622 521 1654 ad
546 1623 844 1665 confraternitatem
871 1622 946 1654 Cin-

253 1680 473 1715 clmmorum„
500 1686 592 1718 posse
617 1680 723 1708 tannen
748 1685 798 1707 eos
821 1675 947 1717 confra-

255 1730 417 1761 ternitates
444 1729 702 1771 Corriqiatorum
726 1729 856 1771 eriycre.

393 1808 590 1836 Innocentius
616 1809 694 1842 Papa
714 1809 762 1842 xl,

328 1854 364 1882 ad
388 1857 562 1888 perpetuam
585 1853 631 1880 rei
650 1854 831 1881 memoriam.

28 1932 140 1953 Decretum
149 1931 202 1953 Cou-

18 1960 146 1984 gregatiouis
157 1959 202 1985 epi·
357 1978 362 1983 .
382 1978 387 1983 .
822 1978 831 1986 ’1

18 1979 447 2037 3333cue-venerabilium
462 1979 596 2010 fratrum
614 1983 796 2011 nostrorum
814 1980 844 2010 b.
856 1978 892 2010 n.
909 1978 943 2010 E.

210 2349 314 2382 caries
331 2350 502 2392 generales
520 2349 792 2387 Discalceatorum
810 2360 946 2392 congre-

211 2402 375 2445 gationum
404 2402 523 2440 Italiae,
561 2402 744 2442 Galliarum,
779 2402 946 2446 IIispania-

212 2464 296 2495 rum,
323 2460 354 2488 et
377 2455 561 2488 Lusitaniae
593 2456 692 2488 altera
724 2466 760 2488 ex
786 2455 943 2498 partibus,

213 2512 290 2547 etc.,
316 2518 406 2541 sacra
430 2507 646 2551 Congregatio
672 2507 946 2541 eminentissimo-

212 2570 282 2593 rum
306 2559 336 2594 S.
364 2561 401 2594 R.
423 2561 458 2594 E.
492 2561 704 2595 cardinalium
738 2561 877 2604 negotiis
914 2566 945 2593 et

176 2638 187 2657 „-
212 2614 504 2648 consultationibus
536 2615 765 2652 eoisconorum
797 2619 828 2648 et
852 2625 946 2654 regu-

255 1925 269 1971 §
291 1926 322 1958 1.
350 1925 436 1958 Alias
462 1925 623 1958 emanavit
647 1936 664 1957 a
688 1925 944 1967 Congregatione
966 1939 967 1969 g

212 2031 421 2064 cardinalium
443 2031 582 2073 negotiis
604 2036 636 2063 et
653 2031 946 2064 consultationibus
965 2072 967 2078 k

212 2085 438 2128 episcoporum
475 2090 506 2117 et
530 2085 727 2126 regularium
760 2082 967 2128 p1·aepositz⁴i{

182 2172 184 2174 ,
212 2138 377 2171 decretum
396 2138 517 2170 tenoris
539 2137 591 2180 qui
610 2138 765 2180 sequitur,
783 2137 944 2170 videlicet:
965 2152 968 2164 ι

217 2203 230 2222 α
259 2191 293 2223 111
325 2192 421 2223 cansa
457 2190 763 2231 Augustinianorum
799 2196 966 2223 vertente,

210 2244 296 2276 inter
320 2249 444 2286 patrem
470 2244 656 2285 generalem
689 2244 785 2276 totius
815 2243 967 2285 Ordinis,

210 2297 312 2329 sancti
337 2296 508 2339 Augustini
535 2307 571 2329 ex
603 2299 683 2336 una,
711 2301 742 2329 et
773 2302 882 2340 patres
907 2297 966 2329 vi-¹

969 334 1114 369 lferente
1140 337 1395 370 eminentissimo
1425 337 1615 378 Crescenfio,
1649 349 1725 371 cen-

215 387 399 419 ordinarios
424 393 453 419 et
473 388 648 429 delegatos,
667 388 762 420 etiam
779 398 948 420 causarum
969 393 971 401 '

992 390 1054 422 suit
1078 401 1144 423 non
1169 390 1267 424 licere
1292 390 1497 423 Discaleeatis
1530 392 1578 424 1115
1610 402 1726 434 aggre-

991 443 1086 484 gandi
1118 443 1157 475 ad
1191 444 1490 490 conf1·.‘iternitatem
1525 444 1726 478 Cincturato-

992 506 1061 526 rum
1087 495 1117 527 S.
1145 495 1260 528 Mariae
1281 497 1320 528 de
1337 496 1564 529 Consolatione
1589 498 1724 540 positam

991 547 1022 579 in
1049 548 1182 580 ecclesia
1211 548 1242 579 S.
1271 548 1376 581 iacobi
1410 549 1595 589 Bononiae,
1628 561 1724 592 posse

993 606 1099 632 tamen
1125 601 1251 642 erigere
1268 602 1548 635 confraternitates
1566 603 1726 645 Corrigia-

992 658 1096 685 torum
1120 653 1151 685 in
1177 654 1321 696 propriis
1346 664 1456 686 eornm
1481 655 1625 687 ecclesiis
1654 661 1725 688 tan-

992 710 1069 745 tum,
1091 707 1215 737 servata
1236 711 1341 738 tamen
1364 706 1465 738 forma
1483 707 1725 740 constitutionis

991 763 1120 790 sanetae
1158 758 1334 790 memoriae
1360 758 1533 791 Clementis
1559 759 1621 791 Vlll
1648 760 1726 792 inei-

990 810 1110 852 pientis
1142 808 1375 853 Quaecumque,
1415 816 1485 850 etc„
1511 812 1569 843 sub
1596 812 1646 844 die
1682 823 1725 845 vti

990 862 1173 895 decembris
1198 872 1308 903 ninfflr,
1340 869 1371 895 et
1395 864 1620 896 decretorumv
1641 865 1727 897 eins-

991 915 1063 947 dem
1098 915 1128 947 S.
1156 916 1442 958 Congregationis;
1481 916 1619 960 ideoque
1657 928 1727 951 erc-

990 968 1128 1000 ctionem
1154 969 1264 1000 factam
1287 969 1318 1001 in
1345 969 1482 1002 ecclesia
1513 969 1726 1003 Discalceato-

990 1031 1059 1052 rum
1086 1021 1118 1053 in
1143 1021 1271 1054 civitate
1297 1021 1508 1065 Ulyssiponae
1545 1033 1615 1055 esse
1647 1024 1723 1055 nul-

990 1075 1064 1106 lam.
1092 1074 1220 1113 Romae,
1238 1085 1296 1107 xxx
1321 1075 1512 1118 septembris
1529 1085 1724 1116 moctxxvni,

990 1127 1077 1159 card.
1104 1126 1225 1159 Gisinm
1249 1127 1426 1160 Csnrnwus
1451 1140 1481 1160 ».

1033 1181 1047 1222 ἕ
1073 1180 1103 1212 Q.
1131 1181 1208 1213 Cum
1234 1186 1352 1221 autem,
1379 1180 1463 1213 sieut
1488 1181 1624 1214 dilectus
1642 1181 1725 1215 silius

990 1233 1175 1265 [lominieus
1192 1233 1404 1273 Valvasorius,
1422 1239 1616 1276 procurator
1633 1245 1726 1277 gene-

989 1286 1064 1318 ralis
1091 1286 1223 1318 fratrum
1248 1286 1458 1319 Eremitarum
1483 1287 1514 1319 S.
1542 1288 1724 1330 Augustini,

989 1340 1084 1372 nobis
1110 1350 1215 1382 nuper
1231 1340 1348 1382 exponi
1367 1340 1452 1379 feeit,
1474 1340 1543 1383 ipse
1561 1341 1726 1373 decretum

989 1392 1187 1431 buiusnmdi,
1215 1402 1279 1435 quo
1304 1392 1429 1424 firmius
1455 1392 1622 1433 subsistat,
1651 1403 1727 1436 apo-

988 1445 1121 1478 stolieae
1134 1445 1389 1478 confirmationis
1401 1451 1532 1478 nostrae
1544 1445 1726 1488 patrocinio

988 1498 1179 1530 connnuniri
1206 1508 1411 1541 summopere
1436 1498 1621 1531 desideret:
1654 1509 1724 1537 nos,

988 1550 1093 1593 ipsum
1119 1551 1322 1583 Dominicum
1348 1555 1598 1593 procuratorem
1625 1561 1725 1593 gene-

989 1605 1088 1636 ralem
1124 1604 1317 1647 specialibus
1354 1603 1518 1636 favoribus
1550 1609 1581 1637 et
1614 1604 1725 1646 gratiis

988 1657 1142 1699 prosequi
1159 1658 1318 1695 volentes,
1338 1663 1369 1689 et
1382 1668 1398 1689 a
1413 1657 1577 1700 quibusvis
1598 1668 1726 1690 excom-

988 1710 1226 1750 immicationis,
1250 1709 1474 1752 suspensionis
1493 1715 1525 1742 et
1548 1709 1724 1750 interdicti,

988 1765 1125 1808 aliisque
1151 1765 1377 1798 ecelesiasticis
1403 1766 1583 1805 sententiis,
1610 1775 1725 1798 censu-

989 1817 1032 1849 ris
1067 1823 1099 1849 et
1133 1818 1258 1860 poenis,
1284 1828 1301 1850 a
1326 1817 1395 1850 iure
1432 1819 1481 1851 vel
1516 1818 1555 1850 ab
1581 1818 1723 1857 homine,

987 1870 1098 1912 quavis
1123 1870 1295 1903 occasione
1321 1871 1369 1903 vel
1395 1872 1489 1903 causa
1507 1870 1592 1909 latis,
1612 1870 1637 1902 si
1657 1871 1726 1913 qui-

988 1924 1046 1955 bus
1072 1924 1319 1966 quon‘iodolibet
1343 1924 1515 1957 innodatus
1541 1923 1661 1962 existit,
1685 1923 1725 1955 ad

987 1977 1136 2009 ell'ectum
1161 1977 1383 2019 praesentium
1414 1977 1577 2009 dumtaxat
1609 1986 1725 2009 conse-

987 2030 1160 2072 quendum,
1187 2030 1301 2061 barum
1338 2030 1420 2062 serie
1454 2029 1657 2062 absolventes
1694 2033 1726 2061 et

987 2083 1169 2115 absolutum
1194 2082 1260 2115 sore
1294 2088 1478 2121 censentes,
1516 2081 1725 2124 supplicatio-

986 2135 1082 2168 nibus
1119 2135 1188 2168 eins
1225 2134 1357 2167 nomine
1393 2145 1493 2178 super
1530 2135 1593 2167 hoc
1631 2134 1725 2167 nobis

988 2188 1153 2221 humiliter
1177 2188 1334 2231 porrectis
1366 2187 1525 2227 inclinati,
1559 2187 1725 2220 decretum

988 2241 1235 2284 praeinsertum,
1254 2240 1444 2273 auctoritate
1471 2241 1658 2283 apostolica,
1680 2245 1725 2272 te-

987 2307 1065 2328 nore
1090 2294 1320 2338 praesentium,
1348 2294 1567 2337 approbamus
1594 2300 1627 2327 et
1650 2304 1726 2326 con—

988 2348 1163 2386 firmamus,
1186 2347 1298 2389 illique
1317 2346 1512 2380 inviolabilis
1529 2347 1725 2390 apostolieae

987 2401 1146 2434 firmitatis
1172 2400 1272 2433 robur
1297 2400 1483 2440 adimimus,
1507 2401 1593 2433 salva
1618 2405 1724 2432 tamen

988 2465 1116 2497 semper
1136 2454 1168 2487 in
1193 2453 1379 2496 praemissis
1397 2453 1585 2486 auctoritate
1604 2462 1726 2486 memo·

987 2512 1075 2540 ratae
1101 2506 1367 2549 Congregationis
1391 2505 1618 2538 cardinalium.

1032 2559 1046 2601 ξ
1070 2558 1102 2591 3.
1134 2559 1350 2592 Decernentcs
1379 2558 1508 2591 easdem
1538 2562 1726 2601 praesentes

987 2613 1112 2647 litteras
1127 2623 1255 2650 semper
1269 2612 1385 2652 firmas,
1396 2611 1520 2645 validas
1535 2616 1566 2644 et
1578 2611 1726 2645 efficaces

1623 225 1686 261 189
1732 236 1780 263 An.
1798 235 1826 262 c.
1848 235 1915 264 1679

1763 1190 1909 1213 Confirniatur.

1763 2561 1883 2584 clausulae.
