2111 3157
149 184 246 212 Anc.
269 183 336 211 taso
382 172 444 207 ΘΜ

342 234 493 277 postulet,
508 232 672 275 eaque‘sit
690 231 920 274 parochialium
939 239 1078 272 proven-

343 292 433 319 tuum
459 286 598 318 tenuitas
628 291 661 316 ut
696 285 759 316 duo
800 282 986 315 cohabitare
1012 291 1077 314 non

343 341 486 382 possint:
505 339 584 371 tales
602 348 677 369 vero
703 336 764 368 soli
790 339 1004 377 exponantur,
1025 333 1077 376 qui

345 403 414 424 eam
441 392 520 422 ritae
546 399 738 431 morumque
764 387 979 420 constantiam
1004 396 1079 428 pro-

344 444 470 482 barunt,
490 448 525 473 ut
550 441 691 473 solitudo
711 441 792 472 nibil
811 439 948 482 periculi
967 448 1077 470 secum

345 496 473 527 trahere
499 493 614 525 merito
641 493 802 524 credatur.

388 557 459 579 xxv.
488 546 526 578 Ut
550 552 655 577 autem
675 545 771 576 liuius
789 544 868 576 vitaev
887 543 1015 576 socialis
1034 543 1081 574 di-

345 599 494 640 sciplina.
522 597 619 629 vitato
645 597 721 635 otio,
747 597 888 628 sanctius
913 595 1081 627 continue-

347 656 406 688 tur,
425 656 456 682 et
481 650 573 681 simul
594 649 697 681 maior
722 649 868 690 proximo
894 647 1013 679 utilitas
1033 657 1081 678 ac-

346 708 494 741 crescat,
526 707 655 734 teneros
680 702 903 733 adolescentes
929 700 959 731 in
986 699 1080 731 bonis

347 757 491 788 moribus
505 761 535 788 et
549 755 664 787 litteris
686 764 828 796 eousque
851 752 1081 790 informabunt,

347 814 447 851 prout
471 808 672 849 singulorum
709 807 868 849 capacitas
894 804 1084 848 opportuni-

349 866 462 903 tasque
489 862 633 893 locorum
660 859 851 901 permiserit.

208 562 335 581 Ernmantur

153 590 308 610 nitonesceutes.

189 928 227 948 Atii
244 933 264 946 αἱ
282 933 338 946 oxi-i·-

156 959 216 974 cesstl
233 960 252 974 ln
265 960 326 973 arunt

155 963 529 1006 siusdissipabis..studiorum
564 965 820 1005 theologicorum
847 969 878 995 et
902 968 1085 995 controver-

349 1018 532 1050 sisticormn
551 1018 582 1049 in
608 1017 729 1048 scholis
755 1015 942 1057 acspiisitain
970 1015 1085 1056 deper-

350 1071 435 1109 dant,
455 1080 489 1102 se
509 1081 556 1108 se,
579 1070 674 1101 etiam
701 1074 873 1110 postquam
901 1067 937 1098 ad
964 1066 1086 1098 anima-

350 1134 420 1155 rum
450 1133 557 1155 curam
579 1122 721 1163 aliasque
748 1120 929 1151 functiones
955 1118 1086 1151 clerica-

350 1177 396 1208 les
421 1174 571 1217 applicati
607 1173 746 1212 fuerint,
778 1172 810 1203 in
846 1171 1084 1214 praedictorum

350 1229 527 1260 studiorum
565 1225 720 1259 exercitio
750 1225 925 1266 diligenter
950 1234 1087 1265 occupa-

352 1283 440 1318 bunt,
459 1286 489 1312 et
507 1279 644 1311 subinde
667 1278 699 1309 in
717 1278 788 1309 loco
814 1277 1010 1319 deputando,
1029 1286 1087 1318 per

351 1333 561 1375 repetitiones
580 1336 611 1362 et
636 1329 852 1362 conferentias
879 1329 1017 1370 desuper
1040 1328 1087 1359 in-

352 1385 552 1423 stituendas,
578 1382 709 1424 aliquod
736 1392 813 1413 suae
840 1380 1017 1412 industriae
1052 1390 1087 1411 ac

353 1438 514 1481 profectus
540 1436 706 1478 specimen
731 1434 943 1467 exhibebunt.

396 1500 493 1522 xxvix.
520 1489 707 1520 Fraternam
733 1487 922 1519 charitatem
944 1490 975 1517 et
996 1486 1088 1518 unio-

353 1553 426 1575 nem
447 1541 559 1573 sedulo
585 1540 757 1572 observare
783 1539 932 1577 nitantur,
951 1549 1087 1581 suppor-

352 1600 455 1626 tantes
482 1604 515 1625 se
542 1598 651 1624 mutuo
672 1591 704 1623 in
730 1590 915 1622 charitativa
935 1590 1087 1632 patientia

353 1652 384 1678 et
419 1644 613 1678 infirmitatis
652 1643 801 1686 propriae
841 1643 1084 1682 recordatione,

353 1698 626 1741 quemadmodum
664 1697 695 1727 in
736 1695 876 1738 peccatis
911 1695 1088 1740 innumeris

353 1751 460 1783 divina
485 1750 612 1782 bonitas
637 1748 869 1789 benignissime
894 1748 1042 1779 sustinet.

396 1813 507 1836 xxvnl.
549 1801 689 1839 Quilibet
729 1800 934 1832 sacerdotum
978 1801 1088 1842 (piaris

354 1855 558 1889 hebdomada
582 1865 642 1896 pro
665 1864 789 1885 summo
815 1853 956 1885 Romano
981 1853 1089 1885 Ponti-

351 1910 412 1942 sice
445 1914 476 1940 et
500 1906 745 1940 occurrentibus
772 1912 901 1938 sanctae
927 1905 1087 1938 Ecclesiae

352 1961 619 1999 necessitatibus,
649 1970 775 1992 necnon
801 1970 859 2001 pro
886 1959 1088 1990 incremento

353 2016 448 2048 liuius
483 2015 565 2046 vitae
605 2013 764 2046 clericalis
800 2018 830 2044 et
869 2012 1088 2054 singularibus

354 2069 424 2100 eius
442 2066 705 2100 benefactoribus
720 2076 816 2098 unam
830 2065 962 2097 missam
982 2064 1086 2097 faciat.

354 2121 514 2153 Menstrua
544 2129 621 2152 vero
647 2129 736 2151 sacra
768 2118 830 2150 duo
860 2118 978 2159 (unum
1010 2128 1091 2160 quo-

355 2174 401 2204 vis
427 2173 459 2204 in
484 2173 557 2204 loco
582 2182 641 2214 pro
667 2171 811 2203 eiusdem
835 2170 1024 2209 Ordinario,
1047 2171 1091 2202 al-

355 2231 456 2257 terum
482 2234 540 2267 pro
565 2224 724 2256 defunctis
749 2223 962 2255 confratribus
987 2227 1017 2254 et
1036 2223 1091 2254 be-

354 2277 588 2319 nefactoribus)
604 2287 620 2308 a
634 2275 769 2318 singulis
784 2276 1000 2307 celebrentur.
1013 2274 1091 2313 Quo-

355 2331 553 2373 tiescumque
579 2329 675 2362 etiam
700 2329 867 2371 continget
891 2328 1031 2370 aliquem
1052 2339 1088 2360 ex

355 2384 449 2416 dictis
468 2382 682 2415 confratribus
699 2393 715 2414 a
735 2382 797 2413 vita
814 2381 983 2422 decedere,
1002 2391 1079 2423 prae

355 2442 404 2469 ter
428 2441 601 2469 consuetas
627 2435 777 2477 exequias
807 2445 887 2477 quae
918 2434 949 2465 in
982 2435 1090 2477 sepul-

357 2495 445 2521 turae
471 2489 541 2520 loco
568 2493 774 2530 peragentur,
801 2486 905 2529 quivis
938 2487 1088 2519 sacerdos

357 2541 454 2574 liuius
477 2540 558 2573 vitae
584 2550 643 2582 pro
672 2541 776 2572 salute
795 2540 918 2572 :mimae
943 2539 1088 2572 eiusdem

185 1502 277 1522 Ruinam
293 1501 341 1521 cha-

158 1529 241 1549 ritatem
251 1531 334 1548 servunt

212 1815 251 1834 Pro
267 1815 342 1841 ‹pnbuz

159 1842 232 1861 nus-a<
247 1842 342 1862 celebra-

160 1875 181 1889 n:
197 1868 296 1888 ..tt-beant.

919 180 974 205 ὩΤΥῘ
983 182 994 203 Υ
1007 179 1099 205 Uitru
1123 178 1276 205 nouitium

392 924 477 946 xxvl.
504 913 547 945 Ne
574 919 680 944 tamen
713 912 773 954 ipsi
804 911 910 944 clerici
937 910 1106 942 notitiam.

1859 176 1908 203 λη.
1930 170 1959 201 C.
1982 170 2049 200 {0⁸20

1122 229 1181 260 tria
1200 238 1289 260 sacra
1313 227 1417 269 legat;
1444 236 1559 270 preces
1584 230 1616 259 et
1640 225 1702 259 alia
1726 224 1856 269 pietatis

1122 291 1220 323 opera
1244 280 1477 323 cuiuscumque
1500 279 1640 312 libertati
1665 279 1856 322 relinquun-

1122 340 1182 367 tur.

1287 385 1323 415 De
1344 386 1514 424 separatione
1536 385 1694 414 mulierzun.

1165 450 1248 472 xxix.
1291 439 1367 471 Cum
1407 439 1593 471 sacerdotes
1634 438 1856 481 quotidianum
1896 448 2052 474 vota-timpu-

1124 491 1241 524 Christi
1260 491 1385 524 Domini
1406 492 1644 533 receptaculum
1659 491 1732 529 sint,
1749 490 1858 523 arctis·
1870 478 2052 521 lsslfli...'1}¹¹¹¹¹‹¹0''„”‚1

1124 544 1234 576 simam
1272 543 1423 575 castitatis
1458 543 1637 575 custodiam
1663 553 1775 575 omnes
1802 533 1957 575 lia-‘⁰⁸⁰⁹'

1125 596 1244 635 beant,
1277 596 1431 628 enitendo
1471 595 1649 637 angelicam
1687 595 1861 637 puritatem

1126 649 1253 687 imitari,
1274 649 1311 680 ad
1327 659 1420 690 quam
1436 648 1646 680 obtinendam
1662 653 1770 690 portas
1792 658 1862 680 sen-

1126 712 1217 733 suum
1244 702 1436 741 occludere,
1458 711 1634 743 omnesque
1665 702 1860 740 occasiones,

1127 759 1158 785 et
1183 754 1304 796 privata
1339 765 1409 786 cum
1442 754 1634 786 mulieribus
1667 753 1862 786 commercia

1127 806 1375 847 diligentissime
1400 807 1511 847 fugere
1537 807 1698 838 studeant.

1170 868 1241 890 xxx.
1262 857 1363 895 Quare
1382 859 1491 891 nullae
1512 858 1663 890 mulieres
1684 868 1756 890 cum
1773 858 1862 891 hisce
1898 866 1949 897 {tom
1968 865 2057 902 sobab!-

1127 910 1349 942 sacvrdotibus
1376 911 1407 942 in
1434 911 1546 942 eadem
1573 910 1669 943 domo
1695 893 2057 951 habitent,5323322¹1¹Rf⁶¹¹²

1128 963 1193 1002 sed,
1210 969 1362 1005 quantum
1381 963 1448 995 ficri
1468 968 1585 1005 potest,
1603 963 1634 995 in
1660 963 1865 996 administra-

1131 1016 1215 1047 tione
1242 1016 1356 1047 domus
1389 1021 1420 1047 et
1452 1015 1577 1048 culinae
1603 1019 1701 1058 opera
1724 1015 1864 1048 virorum

1130 1073 1278 1106 inanum-3
1306 1068 1329 1099 si
1356 1073 1461 1099 tamen
1489 1067 1627 1099 familiae
1649 1068 1785 1100 rusticae
1815 1068 1864 1100 vel

1129 1119 1191 1151 alia
1217 1119 1409 1151 inevitabilis
1436 1119 1612 1151 necessitas
1635 1120 1805 1152 mulierum
1825 1120 1866 1152 fa-

1130 1172 1287 1203 mulitium
1315 1172 1477 1214 requirat,
1507 1177 1625 1204 matres
1650 1174 1698 1205 vel
1725 1183 1863 1213 sorores,

1130 1224 1154 1255 si
1181 1224 1293 1255 baberi
1320 1224 1454 1266 possint,
1471 1225 1521 1257 vel
1547 1225 1663 1256 saltem
1681 1225 1762 1256 tales
1787 1224 1867 1257 exci-

1131 1276 1270 1318 piantur,
1289 1286 1366 1317 quas
1388 1276 1469 1307 vitae
1498 1286 1691 1318 morumque
1714 1277 1867 1309 honestas

1131 1329 1346 1368 com1nendat;
1368 1331 1404 1360 ea
1425 1328 1639 1361 nibilominus
1661 1330 1868 1371 separatione

1132 1382 1230 1419 facta,
1256 1392 1337 1423 quae
1362 1381 1586 1424 superioribus
1610 1381 1770 1414 videbitur
1795 1382 1866 1415 [ore

1131 1434 1292 1466 sufficiens
1318 1438 1349 1465 et
1373 1434 1570 1466 necessaria.

1388 1491 1426 1520 De
1449 1491 1511 1520 obed
1520 1492 1607 1520 'emm

1174 1551 1257 1572 xxxi.
1285 1539 1372 1571 Viam
1399 1540 1521 1581 regiam
1541 1544 1668 1573 sanctae
1686 1539 1772 1573 illius
1790 1541 1867 1574 obe·
1905 1547 2061 1578 Paressnttoao·

1131 1592 1271 1624 dientiae
1297 1602 1409 1624 omnes
1437 1597 1581 1632 teneant,
1604 1603 1699 1635 quam
1720 1574 2062 1631 locorum{flssir‘ftiliiiiisf'sst

1131 1644 1309 1676 Ordinariis
1319 1644 1471 1677 exhibere
1482 1644 1586 1676 clerici
1597 1646 1777 1678 saeculares
1787 1657 1867 1678 com·
1879 1629 2047 1674 bat—:sutanum-

1132 1697 1274 1729 muniter
1299 1702 1467 1737 tenentur·,
1495 1698 1766 1740 quemadmodum
1787 1699 1868 1731 haec

1134 1750 1195 1782 vita
1210 1749 1367 1782 clericalis
1391 1749 1430 1781 ab
1456 1750 1581 1791 origine
1597 1750 1654 1789 sui,
1669 1751 1739 1783 sine
1761 1762 1869 1784 exem-

1133 1803 1255 1844 ptione,
1266 1802 1395 1834 illorum
1408 1802 1620 1834 iurisdictioni
1635 1813 1667 1835 se
1682 1803 1866 1843 subiiciens,

1132 1861 1240 1886 sancte
1266 1855 1411 1893 servavit,
1431 1855 1603 1887 observare
1623 1855 1776 1898 deinceps
1793 1867 1869 1899 per-

1134 1914 1232 1949 petuo
1269 1907 1410 1939 debebit.
1447 1907 1617 1939 Praeterea
1652 1908 1801 1940 omnibus
1837 1913 1869 1941 et

1133 1960 1268 2001 singulis
1299 1959 1402 1992 dictae
1439 1959 1521 1991 vitae
1557 1959 1868 2001 constitutionibus,

1134 2024 1169 2044 ac
1186 2013 1335 2044 omnibus
1353 2011 1426 2050 illis,
1447 2022 1525 2054 quae
1547 2021 1658 2043 eorum
1683 2011 1868 2054 superiores

1134 2065 1369 2098 rationabiliter
1404 2065 1436 2096 in
1473 2065 1608 2097 Domino
1646 2064 1869 2097 mandaverint

1134 2119 1218 2151 circa
1243 2118 1384 2150 actiones
1409 2124 1439 2150 et
1463 2117 1644 2150 functiones
1668 2128 1740 2150 suas
1765 2118 1870 2160 priva-

1135 2177 1179 2202 tas
1205 2176 1236 2202 et
1260 2170 1496 2209 oeconomicas,
1518 2170 1692 2213 perfectam
1716 2170 1870 2202 obedien-

1136 2223 1229 2262 tiam,
1262 2234 1328 2255 non
1353 2224 1458 2255 solum
1484 2233 1583 2265 opere
1600 2249 1607 2262 ‚
1630 2232 1743 2254 verum
1770 2221 1868 2254 etiam

1134 2277 1299 2308 voluntate
1326 2281 1357 2308 et.
1375 2275 1538 2308 intellectu
1567 2280 1730 2318 praestare
1748 2285 1808 2318 pro
1825 2275 1870 2308 vi-

1135 2329 1222 2360 ribus
1248 2329 1419 2367 enitantur,
1446 2329 1531 2361 salva
1556 2338 1686 2370 semper
1710 2327 1742 2359 in
1765 2327 1868 2360 omni-

1135 2381 1192 2413 bus
1210 2380 1454 2413 Ordinariorum
1480 2380 1669 2412 auctoritate
1695 2385 1726 2413 et
1742 2379 1869 2412 iurisdi-

1134 2434 1254 2466 ctione.

1175 2497 1272 2519 xxxn.
1311 2486 1344 2519 ln
1378 2485 1566 2519 obtinendis
1602 2486 1652 2518 vel
1688 2485 2061 2538 retinendisadPrfffifjitswffl

1133 2540 1297 2572 beneficiis
1318 2550 1383 2572 non
1401 2540 1569 2583 proprium
1587 2549 1679 2572 suum
1697 2539 1866 2572 arbitrium
1878 2544 1987 2565 bones-⁰¹³-
