2111 3157
30 217 86 248 'Am
101 219 130 246 C.
152 217 219 246 1688

31 648 214 706 „fffffiffissffljfssi
265 689 271 695 .
464 690 469 696 .
490 690 495 695 .
579 688 585 694 .
663 689 669 694 .
692 688 697 694 .
873 686 878 692 .
904 687 909 693 .

33 702 59 722 aa
88 703 212 732 qmbusdam
223 699 313 732 prior
336 700 354 722 a
377 689 514 722 subditis
538 699 612 728 suis,
638 699 699 720 ms¹
718 698 826 720 coram
852 693 955 720 visita-

31 728 355 782 iffssifflliffsssstoribus,
381 751 441 774 nec
475 746 668 784 procurator
704 751 720 772 a
756 739 857 779 laicis,
893 739 952 771 nisi

225 267 340 300 dorent
363 277 426 300 non
453 268 622 311 prolicere,
645 269 693 302 vel
717 269 808 313 peius
833 269 953 312 aliquid

225 321 368 354 evenire.
395 321 484 360 Quod
508 322 533 355 si
559 321 740 355 emendatio
757 332 822 355 non
840 332 954 364 sequa-

223 378 284 413 tur,
309 374 518 407 denuntietur
542 375 646 417 primo
677 374 905 413 visitatoribus,
926 379 957 405 et

223 426 251 459 si
282 426 342 470 ipsi
378 437 443 460 non
478 428 700 470 providerint,
737 432 802 460 tum
829 427 954 459 demum

222 479 400 513 reverendo
423 479 504 522 patri
530 480 717 512 Carthusiae
741 480 791 512 vel
816 478 955 522 capitulo

224 532 382 575 generali,
409 532 554 575 alioquin
579 531 858 566 communicarent
882 541 956 573 pec-

224 585 301 618 catis
325 584 451 618 alienis.

267 646 309 670 tx.
335 636 370 669 In
395 641 555 670 conventu
591 645 657 669 non
694 635 956 678 reprehendatur

220 804 326 828 coram
351 794 460 837 priore
486 804 557 827 suo.
583 793 615 826 Si
640 793 779 826 clericus
810 797 863 824 aut
895 791 953 825 lai-

220 858 276 881 cus
315 848 408 880 aliter
446 847 588 890 priorem
629 844 882 889 reprehenderit
920 845 951 877 in

805 221 1018 246 tNNOCENTtUS
1041 221 1070 245 XI
1097 221 1145 245 Pr.

220 905 394 940 conventu,
410 901 546 933 clericus
565 904 672 932 careat
689 898 854 941 colloquio
871 898 953 929 elau-

220 953 291 993 stri,
318 957 350 985 et
374 953 475 986 laicus
500 952 541 984 sit
565 956 655 984 extra
679 949 951 989 conventum,do-

219 1015 279 1038 nee
301 1005 392 1049 prior
410 1014 523 1037 eorum
548 1002 809 1037 emendationem
830 1011 952 1044 eogno-

218 1064 297 1092 scat.

260 1122 290 1145 x.
316 1111 346 1144 Si
372 1110 484 1150 laicus,
509 1110 569 1143 nisi
594 1120 699 1143 coram
725 1109 854 1152 priore,
880 1118 952 1151 pro-

217 1168 398 1203 curatorem
431 1162 679 1206 reprehenderit
713 1162 745 1194 in
781 1164 952 1198 conventu,

217 1217 256 1249 sit
281 1222 369 1249 extra
386 1221 595 1255 conventum;
615 1214 671 1247 sed
689 1219 762 1257 post
780 1214 860 1245 duos
882 1213 951 1245 dies

216 1269 369 1301 reddatur
394 1268 423 1300 ei
448 1273 623 1300 conventus
650 1267 677 1299 si
703 1265 890 1309 promiserit
922 1275 953 1297 e-

217 1321 470 1360 mendationem,
495 1321 534 1353 ad
559 1320 678 1364 prioris
706 1319 887 1351 arbitrium.

259 1385 300 1408 Χι.
336 1373 585 1408 Procuratorem
625 1384 700 1406 vero
735 1372 872 1415 quilibet
912 1381 948 1403 ex

216 1427 385 1460 monachis
402 1427 644 1470 reprehendere
661 1430 778 1468 potest.

260 1491 315 1514 xu.
349 1479 439 1518 Quod
472 1480 497 1513 si
534 1489 740 1523 quacumque
778 1479 948 1511 occasione

216 1533 399 1576 praedictae
433 1532 710 1576 reprehensiones
746 1533 794 1564 vel
826 1531 950 1563 denun-

216 1586 370 1619 ciationes
394 1587 530 1619 omissae
555 1585 693 1624 suerint,
720 1590 783 1617 tam
803 1584 950 1616 omitten-

217 1643 265 1672 tes
290 1649 385 1682 quam
409 1639 601 1671 excedentes
628 1637 731 1670 sciant
756 1647 789 1669 se
822 1636 860 1669 de
890 1646 948 1669 suo

216 1698 403 1735 contemptu
428 1697 458 1724 et
488 1692 686 1733 negligentia
717 1690 876 1722 rationem
902 1689 949 1721 di-

216 1744 325 1777 stricto
342 1744 443 1777 ludici
467 1744 662 1777 reddituros.

259 1807 328 1831 xm.
355 1796 582 1830 Verumtamen
606 1806 704 1839 super
718 1796 905 1839 praemissis
919 1799 949 1827 et

216 1850 322 1883 multis
346 1850 417 1883 aliis
443 1860 525 1893 quae
557 1860 729 1882 numerare
766 1859 831 1881 non
864 1847 950 1880 susti-

217 1903 340 1943 cimus,
367 1913 448 1946 quae
472 1908 584 1935 contra
619 1902 820 1945 propositum
846 1906 877 1934 et
903 1903 950 1935 in-

217 1956 360 1988 stitutum
385 1961 528 1988 nostrum
554 1961 688 1998 possent
718 1955 882 1995 attentari,
917 1967 950 1988 u-

216 2010 416 2052 nusquisque
441 2009 565 2042 studeat
583 2014 614 2041 et
630 2009 759 2042 laboret
779 2010 948 2043 consilium

218 2067 248 2094 et
265 2061 443 2094 remedium
461 2071 637 2105 apponere,
654 2067 751 2104 prout
771 2063 899 2106 poterit,
919 2069 949 2096 et

217 2115 371 2148 Dominus
389 2115 488 2147 dabit.

262 2178 325 2202 xiv.
352 2167 464 2200 Nullus
486 2168 585 2210 prior,
611 2168 790 2201 monachus
807 2169 856 2202 vel
878 2180 949 2202 con-

219 2231 327 2253 versus
351 2220 452 2253 nostri
477 2219 603 2253 Ordinis
627 2221 660 2252 in
685 2221 800 2254 itinere
833 2221 951 2254 consti-

219 2279 304 2306 tutus
340 2275 529 2306 mantellum
560 2274 759 2306 saecularem
795 2284 851 2306 seu
877 2285 950 2316 cap-

219 2337 291 2369 pam
317 2337 333 2359 a
358 2326 486 2369 caputio
511 2332 690 2369 separatam
708 2332 836 2368 portare
857 2337 950 2369 prae-

220 2386 330 2420 sumat,
356 2380 418 2412 nisi
436 2384 568 2423 propter
586 2379 784 2411 imminentia
805 2380 950 2421 pericula

220 2434 368 2474 vitanda;
395 2432 538 2476 alioquin
563 2442 622 2475 per
653 2432 828 2474 capitulum
853 2442 950 2474 gene-

221 2488 288 2520 rale
313 2488 361 2519 vel
387 2487 566 2519 visitatores
590 2486 675 2517 iuxta
707 2495 800 2518 casus
825 2490 857 2517 et
881 2495 950 2528 per-

222 2550 319 2574 sonae
344 2538 537 2582 exigentiam
555 2538 717 2581 puniatur.

264 2602 313 2631 xv.
341 2592 388 2625 Ad
413 2590 666 2625 conservandam
698 2589 826 2623 Ordinis
852 2590 972 2622 hone-.

998 274 1124 309 statem,
1149 268 1335 302 inhibemus
1360 268 1509 302 omnibus
1535 272 1568 301 et
1591 268 1726 311 singulis

997 321 1132 354 subditis
1158 322 1285 362 nostris,
1304 332 1343 355 ne
1363 322 1504 355 scienter
1521 327 1551 354 et
1567 321 1725 354 malitiose

998 380 1122 408 secreta
1146 375 1283 416 Ordinis,
1309 376 1374 409 sive
1406 381 1504 408 status
1528 381 1559 408 et
1584 375 1727 408 desectus

996 438 1212 470 personarum
1244 434 1274 461 et
1299 429 1469 462 domorum
1502 428 1657 468 eiusdem,
1690 439 1742 469 ex·

997 482 1114 524 quibus
1139 482 1221 514 mala
1245 481 1356 524 opinio
1387 483 1437 514 vel
1467 481 1595 514 sinistra
1626 482 1730 524 suspi-

996 534 1045 565 cio
1081 544 1135 566 seu
1161 534 1335 566 diffamatio
1357 534 1440 576 apud
1464 534 1629 567 audientes
1649 533 1728 567 oriri

996 592 1114 628 posset,
1155 587 1249 619 alicui
1289 597 1447 629 personae
1488 586 1727 620 ecclesiasticae

995 640 1043 672 vet
1069 640 1246 679 saeculari,
1286 650 1365 683 quae
1399 641 1437 673 de
1474 645 1585 673 nostro
1609 639 1727 673 Ordine

995 701 1060 724 non
1086 692 1136 731 sit,
1154 697 1207 723 aut
1227 691 1322 724 alicui
1347 692 1442 724 etiam
1461 692 1588 731 novitio,
1615 693 1726 732 verbo,

995 743 1124 787 scripto,
1146 744 1274 784 nuntiis,
1301 748 1377 777 nutu
1395 746 1441 777 vel
1461 745 1570 787 signis,
1596 750 1649 777 aut
1666 745 1728 778 alio

995 796 1107 839 quovis
1131 797 1227 829 modo
1252 797 1396 829 revelare
1433 802 1630 839 praesumat.
1669 796 1727 835 Qui

994 848 1252 887 contrasecerint,
1271 859 1288 881 a
1306 854 1393 880 tanto
1412 854 1501 881 reatu
1521 849 1645 882 absolvi
1662 859 1728 882 non

994 907 1149 943 possunt,
1174 900 1293 933 subditi
1318 900 1466 934 videlieet
1491 901 1551 933 nisi
1577 911 1636 944 per
1658 912 1730 944 pro-

993 954 1097 996 prium
1122 954 1275 997 priorem,
1294 964 1352 986 nec
1373 953 1462 996 prior
1481 953 1541 986 nisi
1567 964 1625 996 per
1649 954 1730 986 vica-

994 1007 1085 1047 rium,
1112 1017 1180 1039 cum
1215 1006 1413 1039 iniunctione
1439 1006 1586 1039 salutaris
1617 1007 1729 1049 poeni-

993 1060 1123 1093 tentiae.
1149 1060 1248 1098 Quam
1265 1060 1395 1103 quidem
1420 1059 1678 1102 prohibitionem
1696 1065 1729 1093 et

993 1122 1129 1156 poenam
1154 1113 1193 1145 ad
1218 1113 1390 1155 priorissas
1407 1118 1437 1145 et
1453 1113 1609 1145 moniales
1624 1112 1727 1145 nostri

993 1166 1120 1199 Ordinis
1146 1171 1177 1198 et
1200 1165 1334 1198 vicarios
1367 1175 1475 1198 earum
1509 1165 1637 1197 extendi
1673 1175 1729 1198 vo-

993 1221 1109 1252 tumus.
1138 1218 1175 1251 Et
1199 1218 1428 1257 nihilominus,
1457 1217 1481 1250 si
1507 1219 1587 1250 tales
1613 1218 1652 1250 de
1678 1228 1729 1250 re-

992 1272 1153 1305 velatione
1193 1271 1376 1304 huiusmodi
1409 1271 1546 1303 convicti
1584 1271 1726 1311 suerint,

994 1330 1124 1366 praeter
1154 1324 1231 1356 duas
1268 1323 1478 1356 abstinentias
1512 1323 1543 1355 in
1576 1333 1659 1365 pane
1696 1328 1729 1355 et

993 1377 1190 1419 aq11a‚i11xta
1211 1386 1301 1409 casus
1323 1376 1516 1418 exigentiam
1542 1376 1727 1419 puniantur,

993 1435 1023 1461 ct
1048 1436 1201 1471 quantum
1227 1428 1294 1460 fieri
1327 1428 1446 1471 poterit
1482 1429 1520 1461 ad
1553 1428 1730 1461 restitutio-

992 1493 1066 1515 nem
1092 1483 1191 1514 t‘amae
1217 1487 1384 1524 cogantur.
1411 1481 1449 1514 Et
1474 1481 1585 1514 eadem
1610 1484 1726 1523 causa,

992 1546 1062 1568 cum
1088 1535 1179 1578 prior
1204 1539 1313 1566 contra
1337 1534 1482 1566 subditos
1500 1535 1549 1566 vel
1575 1544 1590 1566 e
1617 1541 1731 1566 contra

992 1587 1110 1620 subditi
1136 1592 1249 1620 contra
1272 1586 1414 1630 priorem
1444 1587 1483 1619 de
1509 1592 1590 1619 statu
1616 1587 1729 1619 domo-

992 1651 1062 1673 rum
1087 1645 1118 1673 et
1142 1650 1357 1682 personarum
1382 1639 1510 1672 Ordinis
1531 1639 1636 1682 aliqua
1653 1639 1730 1673 scri-

991 1695 1069 1726 bere
1095 1694 1207 1726 volunt
1232 1698 1262 1724 et
1287 1692 1443 1731 scribunt,
1471 1702 1505 1724 ex
1532 1692 1647 1735 quibus
1671 1693 1730 1725 ali-

993 1758 1054 1790 qua
1091 1746 1232 1789 suspicio
1265 1751 1293 1777 et
1319 1745 1447 1777 sinistra
1472 1745 1582 1788 opinio
1618 1750 1731 1777 contra

991 1799 1155 1838 Ordinem,
1176 1798 1289 1830 domos
1310 1802 1340 1830 et
1364 1807 1519 1840 personas
1545 1797 1727 1839 praedictas

993 1852 1068 1884 oriri
1096 1856 1214 1894 posset,
1246 1850 1324 1883 nulli
1351 1860 1449 1892 super
1480 1850 1543 1882 hoc
1576 1849 1726 1890 scribant,

992 1905 1052 1937 nisi
1077 1903 1219 1947 capitulo
1241 1902 1393 1945 generali,
1412 1903 1460 1935 vel
1481 1903 1660 1935 reverendo
1678 1913 1728 1945 pa-

993 1958 1050 1999 tri,
1076 1962 1129 1989 aut
1160 1956 1251 1989 alteri
1290 1966 1325 1988 ex
1353 1955 1572 1988 visitatoribus
1597 1956 1728 1998 provin-

992 2011 1068 2049 ciae,
1094 2010 1148 2053 qui
1173 2015 1309 2052 possunt
1331 2019 1429 2050 super
1454 2009 1517 2041 hoc
1541 2008 1725 2051 providere.

1035 2072 1097 2095 xvt.
1134 2061 1227 2093 Nulla
1263 2070 1403 2103 persona
1437 2060 1564 2093 Ordinis
1597 2060 1724 2100 nostri,

993 2122 1121 2159 praeter
1145 2114 1271 2157 priores
1295 2119 1326 2145 et
1350 2118 1587 2156 procuratores,
1607 2113 1727 2146 monia-

993 2170 1068 2202 lium
1092 2168 1228 2201 vicarios
1254 2171 1286 2199 et
1310 2165 1493 2209 priorissas,
1513 2166 1653 2207 sigillum
1677 2166 1727 2199 vel

993 2223 1121 2265 signum
1147 2220 1266 2253 haheat
1290 2220 1328 2251 ad
1354 2219 1573 2261 sigillandum,
1600 2224 1652 2251 aut
1677 2219 1727 2251 lit-

992 2281 1077 2307 teras
1102 2283 1159 2306 seu
1186 2272 1350 2315 quaelibet
1381 2272 1574 2304 munuscula
1610 2271 1727 2314 dirigat

993 2329 1041 2360 vel
1067 2326 1212 2369 recipiat,
1239 2326 1300 2358 nisi
1322 2325 1410 2368 prius
1428 2325 1590 2357 licentiam
1607 2325 1728 2358 habue-

993 2381 1073 2412 rita
1099 2378 1316 2422 praesidente.
1356 2377 1445 2410 Prior
1477 2383 1582 2410 autem
1615 2388 1724 2411 omnes

992 2432 1115 2465 litteras
1140 2430 1263 2473 aperiat
1287 2435 1317 2463 et
1344 2431 1439 2472 legat,
1466 2435 1528 2464 tam
1553 2440 1606 2463 eas
1628 2428 1725 2473 quas¹

992 2485 1039 2517 sui
1060 2483 1209 2516 monachi
1230 2483 1276 2515 vel
1294 2482 1440 2515 conversi
1461 2483 1607 2522 mittunt,
1631 2493 1726 2526 quam

992 2547 1043 2570 eas
1058 2546 1135 2578 quas
1153 2535 1332 2577 recipiunt·‚
1353 2535 1493 2578 exeeptis
1515 2534 1629 2568 litteris
1648 2544 1726 2577 quas

1027 2599 1036 2623 1
1061 2596 1131 2623 Edit.
1153 2595 1235 2623 Main.
1257 2595 1321 2632 legit
1340 2604 1428 2631 quam
1447 2598 1490 2632 (n.
1509 2596 1558 2631 τ.).

1626 211 1690 245 875
1735 221 1785 248 an.
1801 220 1828 247 c.
1851 220 1919 248 iens
