2111 3157
205 272 257 306 An.
280 278 309 307 c.
328 277 396 307 roso
441 268 507 303 984

395 327 517 357 ulterius
538 325 746 363 indulgendum
777 324 989 363 permittimus,
1012 325 1129 362 excepta

395 380 491 405 tamen
527 375 749 412 Quadragesima
779 377 807 402 et
841 373 992 408 Adventu,
1025 372 1130 411 quibus

395 422 575 462 temporibus
598 422 677 451 nefas
698 425 740 450 est
764 420 830 450 talia
854 421 993 458 cogitare,
1023 419 1129 449 nedum

396 472 573 511 permittere.

436 528 462 548 v.
486 518 566 554 Quod
588 518 623 555 si,
647 517 692 547 vel
715 517 744 546 in
768 518 954 553 monasterio,
976 516 1019 546 vel
1035 520 1127 553 extra,

395 568 498 597 fratres
534 567 775 605 quandocumque
816 565 1003 596 recreationis
1038 565 1129 603 gratia

394 615 594 651 convenerint,
617 618 738 644 caveant
760 623 773 643 a
798 613 1051 650 dissolutionibus,
1072 622 1130 642 ma—

394 671 485 693 nuum
518 663 642 692 invicem
666 661 889 697 iniectionibus,
913 665 941 691 et
963 660 1128 690 huiusmodi

393 711 466 741 iocis
489 711 631 740 honestati
654 710 806 748 religiosae
822 710 941 739 minime
955 709 1129 739 convenien-

393 759 482 795 tibus,
507 760 620 798 sintque
643 759 742 789 solatia
762 768 861 788 eorum
879 758 1005 788 modesta
1022 761 1049 787 et
1064 766 1128 795 gra-

392 808 481 837 vitate
504 811 673 846 temperata,
697 816 781 845 quae,
799 807 877 836 iuxta
893 806 1001 835 dictum
1017 805 1045 835 S.
1062 805 1129 834 Ber-

392 855 488 891 nardi,
522 859 665 891 recreent,
699 864 755 884 non
789 858 938 884 enervent.
971 854 1025 889 Qui
1058 862 1127 883 vero

392 903 607 939 contrafecerit,
632 903 741 932 ieiunet
758 903 845 931 semel
863 902 892 931 in
909 911 981 940 pane
997 905 1025 930 et
1039 902 1124 940 aqua,

393 951 548 981 comedens
570 951 599 981 in
623 953 700 981 terra
723 951 751 981 in
774 951 929 980 refectorio
951 950 1035 980 toties
1057 959 1128 988 quo-

392 1000 458 1029 ties.
482 999 559 1034 Quae
582 1004 612 1028 ut
634 999 738 1028 melius
761 998 964 1035 observentur,
994 998 1127 1027 volumus

392 1048 468 1087 quod
490 1047 654 1077 huiusmodi
670 1046 898 1077 recreationibus
916 1046 1031 1076 intersit
1047 1054 1128 1084 prae-

392 1095 478 1133 latus,
495 1096 538 1126 vel
561 1095 661 1125 saltem
684 1096 763 1135 prior
784 1095 958 1133 claustralis,
981 1098 1030 1124 aut
1052 1103 1127 1123 unus

392 1154 426 1174 ex
448 1144 648 1184 superioribus
670 1143 831 1182 regiminis.

431 1201 469 1222 vt.
493 1192 617 1222 Caveant
640 1196 789 1231 praeterea
810 1190 976 1230 superiores
998 1199 1034 1220 ne
1063 1199 1128 1229 per-

392 1241 508 1271 mittant
531 1240 688 1270 monachos
711 1240 807 1278 vagari
841 1249 892 1279 per
913 1239 1055 1275 civitates,
1078 1239 1126 1268 sed

392 1290 487 1328 potius
529 1289 677 1319 relaxandi
719 1288 809 1318 animi
844 1290 930 1317 causa
968 1287 1128 1317 concedant

392 1338 564 1377 quandoque
588 1337 837 1367 deambulationes
853 1341 932 1366 extra
956 1337 1067 1366 moenia
1087 1337 1126 1366 ci-

391 1387 523 1422 vitatum,
547 1395 621 1425 quae
643 1390 738 1415 tamen
762 1386 832 1414 fiant
854 1385 1085 1414 conventualiter
1100 1389 1127 1414 et

393 1444 458 1464 cum
494 1434 645 1473 superiore
685 1434 837 1471 regiminis
852 1458 859 1470 ‚
898 1434 1023 1462 maxime
1059 1443 1127 1462 vero

393 1492 458 1512 cuin
482 1484 579 1521 priore
601 1482 761 1520 claustrali,
791 1482 816 1511 si
838 1482 866 1511 id
893 1482 1042 1511 commode
1065 1482 1127 1512 sieri

394 1532 510 1571 polerit,

433 1589 480 1609 vn.
506 1580 539 1610 Et
560 1580 584 1609 si
605 1580 758 1619 compellat
780 1580 937 1609 necessitas
957 1583 988 1609 ut
1011 1583 1129 1618 propter

394 1629 524 1667 urgentia
549 1630 661 1667 negotia
685 1629 820 1658 monachi
843 1628 877 1658 ad
900 1629 1032 1658 civitates
1065 1628 1130 1657 mit-

393 1681 502 1713 tantur,
527 1686 578 1716 per
600 1686 648 1706 eas
670 1677 804 1706 incedant
833 1686 948 1715 semper
973 1677 1073 1706 sociati
1103 1680 1130 1705 et

394 1725 517 1754 cucullis
539 1725 632 1755 induti
655 1725 725 1763 (nisi
748 1725 822 1754 iusta
844 1725 879 1754 de
901 1727 987 1754 causa
1010 1725 1129 1763 praelati

394 1783 460 1803 cum
493 1774 534 1803 eis
565 1773 832 1812 dispensaverint),
863 1777 891 1802 et
914 1774 1020 1812 pileum
1043 1782 1131 1812 super

395 1823 555 1861 caputium,
579 1822 655 1860 quod
677 1825 763 1860 caput
786 1825 872 1859 tegat,
896 1821 1037 1850 deferant.

436 1880 495 1901 vni.
519 1871 617 1910 Neque
639 1871 763 1901 audeant
791 1871 905 1907 fratres,
931 1870 1074 1909 praedicta
1097 1870 1131 1899 de

396 1921 494 1955 causa,
517 1924 566 1949 aut
581 1923 700 1958 propter
722 1918 882 1948 vindemias
896 1919 939 1947 vel
963 1918 1059 1956 fruges
1075 1918 1132 1947 col-

396 1968 539 2006 figendas,
556 1971 637 1996 extra
654 1967 860 1997 monasterium
878 1971 1061 2005 pernoctare,
1076 1966 1131 1995 nisi

398 2020 549 2055 praesente
573 2015 713 2054 praelato,
739 2015 782 2043 vel
799 2024 856 2043 uno
869 2024 902 2043 ex
920 2014 1131 2053 superioribusg

398 2064 448 2094 sed
470 2064 505 2093 ad
528 2064 703 2093 monasteria
725 2066 925 2092 revertantur:
949 2062 1078 2100 exceptis
1093 2065 1134 2090 ta-

399 2122 465 2142 men
493 2112 653 2142 cellerariis
679 2115 707 2141 et
734 2111 799 2140 aliis
828 2110 970 2140 ministris
998 2110 1034 2140 ad
1065 2111 1133 2140 talia

400 2161 554 2201 deputatis.

440 2218 480 2239 ix.
504 2209 630 2239 Licentia
654 2217 722 2238 vero
744 2207 911 2238 discedendi
928 2217 941 2236 a
959 2206 1134 2236 monasterio

401 2259 474 2288 infra
497 2268 616 2295 annum,
640 2257 829 2287 recreationis
860 2257 904 2286 vel
940 2256 1026 2285 etiam
1050 2255 1136 2285 devo-

402 2307 491 2336 tionis
513 2308 610 2343 causti,
634 2315 683 2335 seu
706 2306 763 2335 alio
779 2305 883 2344 quovis
902 2309 1063 2343 praetextu,
1081 2304 1136 2333 sra-

403 2355 496 2385 tribus
518 2359 631 2384 nostrae
650 2353 886 2392 Congregationis
905 2362 919 2382 a
935 2351 1136 2382 definitoribus

404 2403 450 2433 vel
482 2402 623 2441 regimine
655 2407 705 2432 aut
735 2411 750 2431 a
781 2401 917 2441 praelatis
949 2409 1005 2430 non
1036 2409 1138 2430 conce-

405 2452 520 2489 ‹latnr¹,
545 2451 598 2480 nisi
621 2460 654 2480 ex
678 2450 841 2480 rationabili
861 2451 946 2479 causti
963 2453 990 2479 et
1006 2458 1083 2485 raro,
1102 2448 1135 2477 ad

406 2500 555 2530 evitandas
577 2499 754 2537 vagationes,
773 2503 800 2528 et
815 2498 868 2527 sul)
887 2498 940 2527 hac
965 2496 1136 2536 praesertim

406 2548 592 2583 limitatione,
610 2551 640 2577 ut
661 2551 727 2576 ante
749 2546 925 2575 dominicam
945 2545 1068 2584 primam
1085 2544 1138 2573 Ad-

407 2601 510 2627 ventus
528 2600 556 2625 et
579 2595 678 2625 seriam
701 2594 856 2624 secundam
880 2599 941 2633 post
956 2594 1140 2632 Quinquage-

443 2666 455 2688 ἰ
478 2658 548 2687 Edit.
570 2658 651 2685 Μαίη.
673 2657 736 2692 'egit
754 2657 948 2685 concedantur
969 2657 1005 2691 (n.
1021 2655 1069 2690 T.).

978 275 1159 300 BULLARIUM
1182 274 1333 299 Romnum

1912 272 1963 301 An.
1983 273 2011 302 C.
2029 274 2094 304 ¹080

1172 323 1276 353 simam
1294 323 1329 352 ad
1347 322 1519 352 monasteria
1543 322 1598 353 sibi
1631 323 1775 359 msignata
1807 332 1905 354 rever-

1173 375 1281 401 tantur.
1306 371 1410 400 Diebus
1442 376 1538 400 autem
1571 376 1686 400 sanctae
1714 371 1905 410 Quadragesi-

1173 428 1235 448 mae
1268 423 1295 448 et
1327 418 1474 448 Adventus
1488 443 1495 457 ,
1519 418 1625 458 quibus
1646 423 1759 458 oportet
1780 419 1903 449 aliorum

1172 471 1335 506 temporum
1363 467 1555 505 negligentias
1580 467 1693 497 diluere
1721 477 1753 497 ac
1782 467 1904 497 servien-

1172 519 1218 545 tus
1236 516 1360 546 orationi
1377 520 1405 546 et
1419 525 1517 545 sacrae
1534 516 1651 545 lectioni
1667 525 1781 553 vacare,
1797 516 1904 546 nostris

1172 564 1227 594 iter
1248 565 1341 594 facere
1364 568 1392 594 et
1420 574 1435 594 a
1458 564 1643 593 monasteriis
1669 563 1724 593 sibi
1750 564 1904 602 assignatis

1171 612 1282 651 abesse,
1316 613 1372 643 nisi
1394 623 1428 643 ex
1458 613 1664 651 urgentissima
1686 612 1856 643 necessitate
1887 622 1904 642 a

1172 662 1306 700 praelatis
1327 660 1512 700 approbanda
1526 684 1533 697 ,
1562 661 1681 691 omnino
1703 660 1902 700 prohibemus.

1171 709 1239 740 Cum
1263 719 1330 740 vero
1352 711 1466 748 fratres,
1490 710 1615 749 praeviis
1637 709 1742 739 debitis
1763 709 1903 749 licentiis,

1171 758 1205 787 ad
1238 759 1381 795 civitates,
1415 768 1465 788 seu
1495 758 1616 797 oppida,
1652 758 1682 788 in
1704 757 1809 797 quibus
1837 762 1904 788 sunt

1171 807 1344 836 monasteria
1375 816 1408 836 ac
1430 807 1490 836 loca
1514 810 1629 836 nostrae
1651 806 1901 844 Congregationis,

1152 855 1374 896 pervenerint,
1398 858 1518 884 caveant
1548 864 1583 884 ne
1612 854 1642 884 in
1663 853 1783 883 aedibus
1804 863 1905 884 saecu-

1170 903 1275 933 larium
1303 903 1427 933 audeant
1455 907 1635 942 pernoctare,
1663 902 1713 931 sed
1740 902 1837 932 statim
1863 905 1905 932 te-

1171 955 1294 980 neantur
1315 955 1393 980 recto
1414 951 1529 980 tramite
1553 950 1698 989 praelatiS,
1722 949 1778 987 vel,
1802 949 1832 979 in
1857 959 1905 979 eo-

1170 1008 1233 1028 rum
1256 998 1387 1028 absentia
1401 1022 1409 1036 ,
1432 998 1631 1037 superioribus
1660 998 1903 1028 monasteriorum

1170 1056 1221 1076 seu
1244 1047 1373 1077 locorum
1391 1056 1420 1075 se
1443 1051 1640 1085 praesentare,
1657 1050 1685 1076 et
1706 1046 1735 1076 in
1755 1045 1901 1085 omnibus,

1170 1095 1236 1125 dum
1263 1095 1323 1124 illic
1351 1103 1462 1124 moram
1495 1095 1657 1129 traxerint,
1681 1095 1739 1124 illis
1761 1094 1902 1132 subesse,

1170 1144 1193 1173 si
1216 1144 1300 1173 aliter
1326 1143 1457 1181 fecerint,
1481 1152 1532 1182 pro
1555 1143 1695 1182 qualitate
1717 1143 1820 1182 culpae
1853 1153 1905 1183 pu-

1171 1192 1278 1222 niendi.

1208 1249 1235 1269 x.
1258 1240 1432 1270 Facultatem
1456 1249 1523 1269 vero
1545 1239 1721 1269 concedendi
1755 1239 1905 1270 monachis

1171 1289 1214 1318 vel
1237 1288 1399 1318 commissis
1420 1288 1567 1317 licentiam
1590 1288 1713 1325 degendi
1735 1292 1816 1318 extra
1835 1288 1906 1317 Con-

1169 1337 1377 1375 gregationem,
1400 1345 1494 1374 neque
1517 1336 1648 1374 praelati,
1671 1345 1765 1375 neque
1787 1336 1842 1376 ipsi
1858 1336 1906 1366 de-

1172 1386 1310 1420 finitores,
1334 1384 1378 1413 vel
1400 1384 1543 1421 regimen,
1567 1384 1684 1414 habent.

1287 1437 1383 1467 CAPUT
1414 1437 1473 1466 Vll.
1498 1454 1535 1460 —
1557 1437 1595 1466 De
1618 1437 1784 1467 humilitate.

1213 1486 1334 1519 Clamat
1351 1485 1445 1518 nobis
1464 1485 1624 1527 scriptura
1642 1484 1757 1524 divina,
1780 1485 1904 1524 iratres,
1931 1496 2096 1517 Pormrinstm-

1171 1540 1295 1571 dicens:
1324 1537 1437 1572 Onmis
1460 1538 1520 1580 qui
1540 1547 1571 1569 se
1595 1537 1726 1577 eoenltat,
1746 1524 2096 1570 lncmilia-51¹,'.'›L¹.†.l'.T..T'.2“'¹2¹3

1170 1592 1278 1631 Μίαν,-
1304 1595 1332 1623 et
1356 1591 1467 1633 quise
1492 1590 1666 1628 humiliat,
1695 1581 2028 1624 exaltabitur.fss¹‚{233¹⁶'”
2062 1582 2096 1602 *³³⁴

1170 1644 1246 1677 Cum
1271 1644 1353 1676 haec
1377 1653 1455 1685 ergo
1481 1642 1577 1682 dicit,
1604 1643 1747 1675 ostendit
1776 1653 1906 1676 omnem

1172 1697 1400 1730 exaltationem
1415 1706 1517 1737 genus
1534 1705 1603 1727 esse
1619 1695 1800 1737 superbiae.
1816 1695 1907 1733 Quod

1172 1761 1205 1782 se
1231 1759 1341 1782 cavere
1360 1748 1524 1790 Propheta
1548 1747 1671 1780 indicat
1694 1748 1821 1780 dicens:
1846 1747 1908 1780 Do-

1173 1803 1277 1840 mine,
1312 1810 1377 1833 non
1408 1804 1452 1832 est
1485 1800 1666 1832 exaltatum
1696 1810 1749 1832 cor
1779 1810 1906 1838 meum,

1174 1865 1275 1896 neque
1299 1853 1377 1885 elati
1401 1857 1476 1885 sunt
1502 1852 1589 1884 oculi
1618 1853 1691 1891 mei,
1712 1862 1813 1895 neque
1832 1862 1905 1884 am-

1175 1907 1285 1940 bulavi
1310 1906 1346 1938 in
1370 1906 1509 1948 magmis,
1532 1915 1632 1948 neque
1649 1906 1685 1937 in
1702 1905 1909 1937 mirabilibus

1173 1970 1268 2003 super
1292 1969 1350 1991 me.
1379 1958 1439 1991 Sed
1465 1958 1567 2000 quid?
1592 1957 1628 1990 Si
1652 1968 1716 1989 non
1738 1957 1911 1989 humiliter

1174 2012 1358 2050 sentiebam,
1378 2010 1432 2043 sed
1456 2011 1599 2042 exaltavi
1622 2011 1770 2043 animam
1794 2020 1909 2050 meam,

1173 2066 1255 2098 sicul
1273 2064 1451 2097 ablactatus
1471 2073 1566 2105 super
1587 2066 1723 2095 matrem
1739 2073 1843 2102 suam,
1862 2062 1910 2094 ita

1175 2117 1347 2151 retributio
1367 2116 1398 2148 in
1416 2116 1528 2148 anima
1555 2117 1635 2147 mesi.
1664 2115 1765 2155 Unde,
1783 2115 1910 2155 fratres,

1175 2171 1200 2203 si
1227 2180 1369 2203 summae
1395 2168 1587 2201 humilitatis
1612 2169 1756 2200 volumus
1782 2168 1912 2200 culmen

1176 2223 1342 2265 attingere,
1360 2227 1391 2254 et
1415 2222 1454 2253 ad
1479 2220 1708 2254 exaltationem
1727 2219 1815 2253 illam
1839 2230 1913 2252 cae-

1177 2278 1309 2314 lestem,
1340 2275 1379 2307 ad
1411 2284 1505 2316 qnam
1532 2283 1590 2316 per
1622 2272 1802 2315 praesentis
1828 2272 1912 2304 vitae

1178 2328 1392 2362 humilitatem
1418 2327 1614 2365 ascenditur,
1653 2326 1800 2358 volumus
1824 2325 1912 2357 velo-

1178 2382 1258 2415 citer
1282 2380 1470 2424 pervenire‚
1502 2378 1626 2411 actibus
1652 2377 1770 2410 nostris
1801 2387 1914 2410 ascen·

1180 2434 1350 2472 dentibus,
1376 2433 1461 2465 scala
1496 2431 1650 2474 erigenda
1675 2435 1744 2469 est,
1773 2440 1854 2473 qnae
1879 2429 1913 2462 in

1179 2498 1292 2521 somno
1317 2485 1409 2519 lacob
1434 2484 1589 2528 apparuit,
1616 2493 1675 2526 per
1699 2493 1794 2526 qnam
1812 2487 1842 2515 et
1860 2482 1915 2515 de-

1180 2540 1372 2573 scendentes
1396 2544 1427 2571 et
1451 2538 1662 2570 ascendentes
1694 2535 1799 2578 angeli
1824 2545 1916 2568 mon-

1181 2592 1374 2626 strabantur.
1406 2591 1474 2624 Non
1505 2590 1592 2623 aliud
1627 2588 1696 2621 sine
1728 2587 1827 2620 dubio
1860 2587 1915 2620 de-

1182 2655 1313 2679 scensus
1339 2644 1393 2678 illc
1418 2649 1449 2677 et
1473 2652 1623 2676 ascensus
1649 2652 1667 2675 a
1697 2641 1791 2675 nobis
1822 2640 1916 2673 intel-
