2111 3157
223 215 272 242 An.
289 213 319 242 c.
342 212 409 241 1680
455 204 519 239 366

415 268 482 295 tum
500 267 547 296 est
567 262 599 295 in
615 261 827 295 declaratorio
844 260 987 303 regulae,
1005 271 1033 293 e.
1053 270 1149 299 van,

416 325 504 348 num.
530 314 600 348 xv'.

460 378 501 400 ix.
529 367 638 400 Scriba
663 377 738 400 vero
764 366 894 410 capituli
919 366 1098 399 monachos
1120 368 1152 397 et

415 420 620 458 monasteria,
639 431 656 452 a
677 420 794 463 quibus
825 418 995 452 amovendi
1021 422 1096 450 sunt
1120 420 1152 449 et

415 474 453 505 ad
469 484 548 516 quae
564 473 802 507 transmittendi
820 473 951 512 suerint,
970 472 1002 504 in
1023 470 1150 514 scriptis

415 525 551 567 redigat.
578 525 641 558 Nec
661 526 813 568 catalogis
830 525 1052 563 mutationum,
1068 534 1149 566 quae

415 588 472 619 per
496 578 673 621 capitulum
692 584 747 611 aut
767 579 869 611 dietas
887 578 978 617 siunt,
997 577 1150 610 adhibea-

414 636 465 662 tiir
488 630 588 669 fides,
612 632 673 664 nisi
707 631 898 674 subscriptis
928 640 1022 663 manu
1048 628 1148 672 ipsius

415 683 551 723 scribae,
583 684 646 717 sive
675 684 871 723 cancellarii,
904 684 952 716 vel
985 683 1080 714 unius
1110 692 1146 727 ev

414 736 580 777 praelatis,
607 737 655 769 vel
681 736 900 779 procuratoris
922 735 954 767 in
972 734 1076 774 Curia,
1097 734 1147 766 vel

414 788 616 821 notariorum
643 789 737 822 sidem
772 788 956 822 facientium
989 798 1042 819 cos
1075 796 1146 818 cum

414 840 565 882 originali
591 841 776 874 convenire.

457 903 486 925 x.
513 893 694 927 Statuentes
725 894 859 937 insuper
881 893 984 936 quod,
1017 891 1147 935 quando

413 946 565 978 monachi
583 951 747 979 mutantur
765 948 803 980 de
822 946 1019 980 monasterio
1031 945 1069 977 ad
1081 954 1148 976 mo-

413 998 608 1039 nasterium,
633 1005 856 1042 competenter
888 999 992 1031 induti
1021 997 1149 1029 mittan-

414 1056 472 1089 tur,
499 1057 530 1084 et
550 1052 686 1085 maxime
712 1052 743 1084 in
769 1052 871 1094 prima
895 1051 1074 1083 mutatione
1100 1049 1146 1081 eis

413 1104 548 1136 omnino
580 1105 789 1147 provideatur
822 1105 860 1136 de
897 1103 1063 1146 clamyde,
1088 1112 1146 1133 seu

412 1157 566 1189 mantello
600 1167 744 1199 panneo,
778 1156 906 1195 ocreis,
943 1154 1144 1193 calcaribus,

412 1208 551 1252 aliisque
576 1209 779 1249 necessariis,
806 1214 901 1251 prout
918 1208 950 1239 in
968 1206 1146 1239 inventario

412 1271 545 1295 suorum
558 1263 824 1296 vestimentorum
846 1266 1086 1304 cognoscentur
1103 1260 1147 1291 in-

412 1314 538 1356 digere.

455 1378 496 1401 xi.
524 1368 681 1401 Peeiinias
712 1378 809 1408 vero,
844 1378 907 1400 non
939 1367 1043 1399 solum
1069 1375 1147 1409 quas

412 1431 473 1464 pro
497 1421 698 1454 vestimentis
723 1421 882 1459 deserunt,
907 1420 965 1452 scd
995 1419 1088 1452 etiam
1115 1429 1147 1451 o-

412 1484 502 1507 mnes
528 1474 615 1514 alias,
641 1484 713 1507 cuin
739 1474 779 1506 ad
804 1472 1000 1510 monasteria
1025 1471 1084 1504 sibi
1106 1481 1148 1503 as-

413 1527 536 1569 signata
554 1527 778 1570 pervenerint,
798 1526 902 1558 statim
929 1525 1081 1568 praelatis
1099 1534 1147 1557 re-

412 1581 530 1620 velent,
557 1580 755 1623 depositario
781 1578 1041 1620 consignandas,
1068 1588 1147 1621 quas

412 1634 562 1666 nolumus
577 1633 637 1665 nisi
659 1633 697 1665 de
711 1632 840 1665 lic-entia
857 1631 981 1663 abbatis
996 1630 1145 1673 expendi.

996 210 1176 236 BULLARIUM
1199 210 1352 236 ROMANUM

1172 263 1174 274 ¹
1195 269 1258 299 sos,
1275 264 1307 292 et
1318 259 1462 302 reliquos
1477 258 1569 299 duos,
1585 258 1672 292 iuxta
1687 259 1927 303 praescriptum

1194 317 1323 344 nostrae
1349 311 1627 354 CongregationiS,
1644 321 1703 354 pro
1722 322 1824 353 regno
1848 311 1926 345 Siei-

1194 363 1265 404 liae,
1280 368 1313 396 ut
1330 365 1480 396 statuitur
1496 365 1529 397 in
1543 363 1633 397 Brevi
1651 364 1740 397 Pauli
1755 364 1795 397 V:
1812 369 1926 407 postea

1194 417 1296 460 ipsam
1314 417 1502 450 schedulam
1520 417 1601 460 patri
1619 416 1815 460 praesidenti
1833 427 1926 460 prae-

1194 475 1336 502 sentent:
1351 470 1468 503 deinde
1485 469 1642 510 nominati
1660 474 1863 513 exponantur
1874 480 1925 503 vo-

1193 523 1240 561 tis,
1260 528 1288 556 et
1316 523 1370 566 qui
1396 523 1570 556 habuerint
1594 523 1704 565 plures
1728 532 1833 562 voceS,
1851 522 1926 555 visi-

1192 580 1312 607 tatores
1347 576 1504 608 existant:
1541 575 1668 618 quando
1695 578 1777 608 'vero
1812 575 1924 618 plures

1192 634 1393 661 concurrunt
1417 629 1449 661 in
1478 628 1629 668 vocibus,
1653 628 1820 672 antiquior
1849 637 1925 671 pro-

1193 680 1331 714 fessione
1356 686 1587 724 praeponatur.

1236 744 1280 767 iii.
1296 734 1470 767 Statuimus
1488 740 1606 775 tamen,
1624 734 1711 767 iuxta
1728 735 1862 768 formam
1879 736 1926 769 lit-

1192 792 1332 819 terarum
1356 787 1607 830 apostolicarum
1625 787 1770 831 Gregorii
1787 788 1863 829 XIII,
1880 793 1924 830 ut,

1192 839 1247 882 qui
1273 840 1303 872 in
1330 851 1394 873 uno
1415 840 1558 884 capitulo
1576 841 1673 874 suerit
1688 840 1850 881 definitor,
1866 842 1924 875 illo

1191 892 1332 925 triennio
1348 893 1498 926 visitator
1513 904 1584 927 esse
1608 904 1674 926 non
1698 894 1813 937 possit.
1833 894 1925 927 Simi-

1191 945 1265 978 liter
1290 945 1345 988 qui
1377 957 1461 980 anno
1487 947 1663 990 praeterito
1693 947 1790 980 suerit
1818 947 1925 980 visita-

1192 1003 1251 1036 tor,
1278 998 1339 1030 nisi
1367 1000 1477 1042 elapso
1498 999 1654 1032 sexennio
1672 999 1706 1031 in
1723 999 1923 1033 visitatorem

1191 1051 1266 1093 eligi
1299 1057 1452 1094 nequeat.
1489 1052 1642 1085 Visitator
1677 1058 1785 1085 autem
1818 1053 1923 1086 solum

1190 1109 1277 1143 actu,
1304 1104 1452 1147 sequenti
1486 1104 1671 1138 immediate
1703 1105 1843 1139 triennio
1867 1106 1925 1140 illa

1190 1157 1386 1190 monasteria
1398 1157 1528 1190 visitare
1542 1168 1608 1191 non
1621 1159 1723 1192 valeat
1737 1170 1818 1201 quae
1836 1170 1925 1202 prae-

1191 1210 1285 1242 terito
1309 1210 1448 1243 triennio
1467 1210 1562 1242 etiam
1580 1215 1654 1243 actu
1671 1210 1856 1244 visitaverit.
1876 1212 1927 1244 vi-

1190 1260 1297 1292 sitatio
1311 1271 1387 1293 vero
1401 1260 1589 1293 monialium
1603 1261 1758 1294 committi
1772 1272 1837 1295 non
1851 1272 1926 1306 pos-

1190 1314 1230 1345 sit
1254 1313 1301 1350 iis,
1320 1313 1382 1356 qui,
1401 1313 1586 1347 immediate
1604 1319 1688 1355 ante,
1711 1325 1764 1348 eas
1784 1319 1856 1348 actu
1872 1317 1924 1350 vel

1190 1366 1296 1399 officio
1321 1366 1530 1399 visitaverint.
1876 1382 1879 1384 ·
1914 1399 1919 1402 .

1234 1429 1273 1452 1v.
1301 1419 1440 1452 Tradant
1460 1419 1602 1462 denique
1628 1420 1813 1454 definitores
1836 1421 1921 1455 binis

1191 1472 1369 1515 quibusque
1387 1472 1616 1511 visitatoribus,
1634 1472 1721 1505 iuxta
1743 1473 1922 1516 praedictas

1191 1525 1314 1556 litteras
1338 1525 1542 1567 apostolicas,
1567 1525 1769 1566 schedulam,
1804 1526 1837 1558 in
1861 1537 1924 1570 qua

1192 1577 1354 1620 descripta
1378 1577 1442 1609 sint
1475 1588 1539 1610 non
1569 1578 1675 1611 solum
1706 1589 1742 1611 ea
1771 1589 1852 1622 quae
1884 1580 1924 1613 de

1191 1629 1410 1662 visitatoribus
1423 1629 1689 1672 Congregationis
1708 1635 1839 1664 nostrae
1854 1642 1926 1665 con-

1934 208 1983 237 Αιι.
1998 208 2029 238 C.
2051 209 2111 238 ¹68<

181 1726 186 1732 ¹
232 1725 262 1744 Ue
273 1727 402 1744 visitatorum

1192 1682 1377 1715 stitiitioncs
1391 1683 1544 1715 mandant
1558 1682 1737 1724 observari,
1755 1684 1812 1717 sed
1829 1684 1931 1718 etiam.

1191 1736 1252 1767 alia
1285 1746 1365 1778 quae
1398 1735 1459 1778 ipsi
1492 1735 1679 1769 definitores
1711 1735 1925 1770 iudicaverint

1190 1789 1410 1821 visitatoribus
1435 1789 1633 1828 ordinanda,
1661 1793 1723 1821 tarn
1747 1788 1780 1822 in
1804 1800 1924 1832 genere

1192 1853 1287 1885 quarn
1312 1842 1344 1873 in
1377 1841 1505 1884 speeie,
1534 1851 1592 1884 pro
1624 1841 1826 1885 singulorum
1856 1851 1926 1876 mo-

1191 1894 1409 1927 nasteriorum
1434 1894 1605 1936 exigentia.
1938 1898 1941 1900 '

1234 1958 1262 1980 v.
1276 1948 1389 1980 Postea
1406 1948 1518 1980 ineant
1531 1952 1699 1990 tractatum
1716 1947 1755 1981 de
1773 1948 1923 1991 eligendo

1191 2004 1400 2044 procuratore
1427 1999 1569 2042 generali
1593 1999 1626 2031 in
1651 1999 1744 2032 Curia
1760 2000 1921 2041 Romana;

1191 2053 1279 2086 cuius
1305 2052 1443 2085 officium
1461 2062 1531 2084 cum
1556 2052 1685 2084 maximi
1702 2052 1744 2086 sit
1758 2053 1924 2096 ponderis,

1192 2106 1328 2149 eligatur
1358 2110 1519 2148 spectatae
1549 2105 1598 2137 vir
1621 2105 1805 2148 probitatis,
1831 2106 1925 2139 indu-

1192 2160 1288 2192 striae
1313 2169 1349 2191 ac
1373 2157 1460 2198 fidei,
1488 2158 1542 2201 qui
1568 2157 1608 2189 sit
1625 2157 1722 2190 abbas
1742 2158 1922 2200 regiminis,

1191 2216 1224 2244 et
1248 2221 1312 2243 non
1337 2211 1440 2243 solum
1465 2209 1594 2252 ingenio
1619 2215 1651 2242 et
1674 2210 1828 2252 gravitate
1854 2221 1924 2244 mo·

1191 2275 1261 2296 rum
1280 2263 1535 2303 commendetur,
1554 2262 1608 2295 sed
1627 2263 1724 2295 etiam
1742 2262 1774 2296 in
1792 2263 1925 2297 abbatia

1193 2317 1368 2350 triennium
1380 2317 1418 2349 ad
1433 2316 1539 2348 minus
1554 2316 1771 2358 compleverit,
1787 2320 1820 2349 et
1833 2316 1923 2349 cuius

1191 2370 1254 2402 vita
1285 2370 1318 2402 in
1350 2369 1421 2402 aliis
1451 2368 1547 2401 etiam
1581 2368 1692 2401 officiis
1718 2368 1924 2402 laudabiliter

1193 2429 1261 2455 acta
1285 2422 1412 2454 firmum
1443 2427 1475 2453 et
1498 2431 1592 2463 grave
1617 2420 1746 2453 dederit
1780 2421 1924 2454 testimo-

1193 2476 1292 2515 nium,
1310 2485 1382 2507 eum
1407 2484 1502 2517 posse
1522 2473 1600 2506 tanti
1619 2473 1727 2506 oneris
1744 2478 1776 2506 et
1787 2474 1923 2507 honoris

1194 2539 1311 2561 nomen
1336 2527 1516 2567 sustinere·‚
1544 2526 1778 2569 accesseritque
1796 2526 1925 2569 gravior

1170 2605 1177 2625 k
1194 2582 1349 2625 quaedam
1374 2586 1406 2613 et
1430 2579 1615 2613 continuata
1632 2579 1833 2612 visitatorum
1848 2589 1926 2613 con·

458 1697 480 1720 Ι.
507 1687 640 1719 Dcmum
661 1686 722 1729 ipsi
740 1685 928 1718 definitores
947 1685 1068 1727 eligant
1091 1694 1148 1716 sex

413 1741 574 1783 praelatos
599 1741 631 1772 in
655 1740 847 1778 visitatores,
864 1740 948 1771 ultra
967 1737 1150 1780 praesiden-

414 1798 500 1833 tem,
524 1792 694 1835 religionis
721 1793 800 1829 zelo,
826 1801 952 1823 morum
977 1790 1148 1833 probitate,

413 1846 659 1889 litterarumque
684 1845 819 1879 scientia
851 1844 1068 1887 conspicuos,
1094 1843 1147 1886 qui

413 1904 584 1932 teneantur
607 1899 640 1932 in
665 1899 728 1932 illis
754 1898 948 1941 provinciis,
973 1897 1005 1929 in
1031 1897 1147 1939 quibus

413 1952 591 1986 visitatores
616 1952 758 1995 deputati
777 1951 906 1990 suerint,
925 1960 1040 1983 muniis
1055 1960 1146 1982 suum

414 2016 486 2038 eum
501 2006 587 2039 omni
606 2005 775 2047 diligentia
789 2004 909 2043 subire,
926 2009 957 2035 et
974 2003 1056 2035 intra
1070 2007 1149 2035 tein-

415 2069 474 2102 pus
500 2070 517 2091 a
542 2057 826 2091 constitutionibus
844 2055 1078 2099 praescriptum
1095 2055 1149 2088 ab·

415 2112 555 2145 solvere.

459 2174 493 2197 11.
524 2164 634 2197 Modus
667 2168 775 2196 autem
808 2161 950 2203 eligendi
983 2160 1044 2192 erit
1073 2160 1146 2193 istc.

416 2216 555 2254 Quilibet
573 2215 726 2249 definitor
745 2219 870 2248 secrete
896 2213 1018 2246 scribat
1035 2212 1067 2245 in
1085 2215 1149 2244 una

416 2270 571 2302 schedula
595 2280 647 2302 sex
672 2269 834 2311 praelatos
856 2266 1049 2309 supradietis
1074 2276 1149 2308 qua-

416 2322 558 2355 litatibus
573 2322 748 2364 praeditos,
760 2321 839 2353 duos
851 2319 1001 2352 videlicet
1020 2329 1054 2351 ex
1073 2317 1151 2350 Nea-

416 2375 572 2417 politana,
603 2374 745 2406 Romana
769 2379 800 2406 ct
824 2373 976 2410 Effusam
1006 2380 1041 2402 ac
1069 2370 1150 2402 alios

417 2427 498 2459 duos
525 2437 560 2458 ex
579 2426 768 2465 Lombanht,
788 2426 918 2461 Veneta.
943 2423 1059 2465 Ligura
1076 2433 1150 2465 pro-

417 2479 540 2516 vinciis,
559 2489 595 2510 ex
622 2478 756 2510 diversis
776 2483 883 2509 tamen
902 2477 1057 2508 dictarum
1076 2486 1150 2517 pro-

417 2531 593 2564 vinciarum
611 2531 821 2569 monasteriis,
839 2529 1014 2572 respective
1028 2529 1150 2571 prol'cs-

454 2594 467 2620 1
489 2593 559 2620 Edit.
580 2593 657 2619 iiam.
678 2592 742 2627 tegit
764 2593 797 2619 15
817 2598 854 2625 (a.
870 2593 918 2625 iz).

233 1698 301 1718 Cairtr
318 1696 388 1718 xxm.

220 1754 239 1770 et
259 1750 402 1776 proriirateris

220 1784 246 1806 iii⁴
269 1778 332 1798 Crisia
360 1777 401 1798 ele-

219 1807 296 1824 ellone.
