2111 3157
60 213 109 241 An.
121 211 151 239 C.
174 210 239 238 1688

60 1318 128 1340 Cum·
144 1318 214 1339 xvm.

74 1345 102 1364 Du
118 1345 228 1374 profi-ssio-

46 1375 73 1392 ne
87 1373 218 1392 novitiorum.

828 203 1035 231 INNOCENTlL'S
1058 205 1088 228 XI
1114 205 1161 228 ΡΡ.

247 257 514 298 rito‘personarum
537 265 699 304 praecipue.
721 261 864 294 pendere,
891 257 920 284 et
946 253 977 283 in
996 260 999 279 ¹
1019 252 1161 286 buslibet
1189 251 1357 295 personis;
1388 251 1443 284 sed
1476 249 1587 283 novitii
1616 249 1748 292 permit-

248 306 346 346 parvis
367 305 512 342 domibuS,
535 305 564 334 in
586 304 692 344 quibus
719 303 869 342 pauciores
890 311 976 342 quam

247 359 310 385 octo
341 354 428 384 utiles
459 353 594 384 monachi
624 352 752 383 residere
783 352 892 389 solent,
926 350 976 390 qui

246 403 375 433 divinum
398 402 523 432 officium
546 410 612 431 cum
630 402 699 431 nota
713 401 824 438 integre
841 409 898 429 non
914 409 976 439 per-

245 451 377 489 solvunt,
400 460 457 480 non
480 450 591 490 possint
619 449 721 479 novitii
742 448 919 478 sufficienter
940 448 975 477 ad

247 500 343 529 omnia
378 508 452 538 quae
483 502 550 528 sunt
578 497 695 528 Ordinis
726 496 860 526 institui:
888 496 972 532 ideo,

245 547 452 577 confirmantes
494 545 703 576 ordinationem
745 545 849 573 factam
890 544 974 573 annis

244 603 352 624 nnxeiv
379 599 407 624 et
434 603 551 631 mxcv,
583 593 738 623 statuimus
769 596 800 622 ut
828 593 858 621 in
890 592 974 621 dictis

244 643 340 683 parvis
365 643 498 672 domibus
527 651 584 671 non
612 641 792 679 recipiantur
823 649 876 669 nec
907 641 974 669 reti-

243 696 369 722 neantur
400 690 524 727 novitii,
549 689 598 719 sed
618 689 656 728 (in
684 689 729 718 his
750 688 919 724 dumtaxat,
942 688 972 717 in

243 739 348 779 quibus
375 739 505 769 divinum
531 737 659 767 osticium
680 737 768 766 etiam
796 740 972 766 nocturnum

242 796 308 817 eum
329 788 400 817 nota
420 790 552 816 cantatur
573 789 601 814 et
626 784 768 822 regularis
790 784 972 813 observantia

242 835 397 874 perfectius
418 833 605 864 custodiatur.
638 832 758 867 Quando
780 836 874 861 autem
908 841 971 870 pro-

240 882 309 912 fessi
330 882 360 912 in
382 881 547 912 huiusmodi
573 881 705 910 domibus
731 880 972 910 conventualibus

240 931 275 961 ad
298 940 400 971 parvas
427 931 527 960 domos
560 930 720 967 mittentur,
744 929 785 958 sic
808 929 925 958 omnino
942 929 971 958 in

240 979 298 1009 illis
329 979 526 1018 suscipiantur
555 982 583 1008 et
610 978 782 1007 necessariis
808 978 970 1014 foveantur,

240 1036 274 1058 ac
301 1027 325 1057 si
346 1027 463 1057 illarum
494 1031 593 1056 essent
625 1026 756 1065 professi,
790 1026 971 1064 habeantque

240 1083 341 1104 vocem
363 1074 393 1103 in
421 1074 555 1103 omnibus
584 1073 765 1108 tractatibus,
789 1082 845 1102 non
874 1076 971 1102 tamen

240 1121 272 1150 in
293 1120 435 1150 electione
455 1120 520 1149 novi
544 1120 661 1159 prioris,
685 1128 772 1158 quam
794 1128 849 1148 non
866 1119 971 1148 facient

239 1165 416 1196 habitatores
448 1175 603 1204 parvarum
635 1165 806 1200 domorum,
840 1165 889 1194 sed
922 1174 972 1203 per

239 1212 398 1251 capitulum
418 1217 467 1241 aut
492 1211 683 1241 reverendum
713 1215 822 1249 patrem
850 1211 971 1241 Cartha-

238 1258 299 1289 siae
319 1258 378 1288 illis
401 1257 599 1297 providebitur
621 1257 656 1287 de
677 1258 829 1296 superiore
852 1268 879 1286 ».

283 1318 305 1341 1.
332 1307 456 1347 Nullus,
480 1307 535 1350 qui
560 1306 678 1339 minori
704 1312 848 1349 tempore
873 1317 969 1349 quam

239 1371 299 1404 per
322 1371 442 1394 annum
466 1365 539 1402 post
562 1364 748 1402 susceptum
774 1360 919 1392 habitum
938 1360 969 1392 in

238 1413 433 1457 probatione
473 1412 614 1451 steterit,
659 1412 698 1444 ad
734 1412 969 1454 professionem

239 1466 440 1500 admittatur.
466 1465 626 1498 Professio
651 1471 755 1497 autem
779 1471 852 1498 ante
888 1466 970 1498 facta

237 1518 280 1551 sit
303 1519 403 1557 nulla,
427 1518 614 1560 nullamque
640 1518 769 1559 inducat
799 1517 970 1559 obligatio-

238 1581 311 1604 nem
338 1571 376 1603 ad
410 1570 540 1603 Ordinis
572 1570 819 1610 observantiam,
844 1577 898 1603 aut
929 1572 968 1604 ad

237 1623 317 1657 alios
340 1633 563 1666 quoscumque
586 1622 729 1655 effectus

282 1686 317 1710 11.
355 1675 592 1708 Professionem
629 1676 755 1708 tacitam
790 1676 823 1708 in
859 1682 968 1709 nostro

237 1727 356 1762 Ordine
382 1738 447 1761 non
480 1728 647 1767 habemus,
680 1738 785 1771 neque
810 1729 969 1771 permitti-

237 1792 317 1821 mus,
330 1781 387 1814 sed
411 1791 524 1814 omnes
549 1782 696 1814 volumus
722 1792 791 1814 esse
817 1792 968 1825 expresse

237 1840 268 1866 et
283 1834 414 1877 publice
436 1834 611 1877 professos.

280 1898 328 1921 111.
347 1887 424 1920 Cum
445 1892 584 1930 tempus,
601 1898 664 1930 quo
682 1887 821 1920 novitius
846 1888 970 1931 profes-

236 1940 361 1973 sionem
386 1940 491 1973 facere
517 1940 650 1980 debeat,
677 1941 842 1980 institerit,
869 1941 895 1973 si
921 1952 970 1974 re-

237 1994 402 2036 ceptibilis
420 1993 616 2036 apparuerit,
635 1998 666 2026 et
685 1994 717 2025 in
735 1994 863 2026 duobus
881 1994 969 2027 sestis

236 2046 370 2088 capituli
401 2046 434 2078 in
460 2046 601 2088 petendo
626 2046 887 2088 ,misericordiam
921 2058 970 2080 se-

237 2098 332 2132 dulus
356 2098 465 2138 fuerit,
491 2108 556 2130 non
581 2098 613 2130 in
638 2098 755 2141 primo,
783 2099 838 2131 sed
862 2099 894 2131 in
922 2110 970 2132 se-

236 2150 342 2183 cundo
369 2150 460 2200 sesto,
485 2150 553 2182 dies
573 2150 610 2189 ei,
633 2160 696 2193 quo
721 2150 754 2182 in
780 2156 881 2184 totum
902 2162 970 2184 sus-

237 2203 299 2246 cipi
318 2197 446 2243 debeat‚
468 2208 574 2235 certus
594 2203 821 2245 assignabitur,
844 2204 868 2236 si
898 2215 970 2247 per-

237 2255 435 2288 severaverit
450 2256 600 2298 pulsans,
621 2260 653 2288 et
670 2256 803 2288 facultas
821 2256 850 2289 ei
869 2257 970 2290 libera

237 2318 296 2341 sua
319 2308 428 2346 omnia
447 2308 609 2350 quomodo
630 2310 679 2341 vel
703 2309 820 2352 quibus
844 2311 971 2353 placue-

237 2360 279 2393 rit
300 2355 517 2393 distribuendi
542 2360 713 2394 tribuetur.

282 2422 325 2446 iv.
351 2411 445 2446 Nulla
465 2422 604 2455 persona
620 2412 750 2446 Ordinis
778 2414 900 2458 aliquid
936 2426 970 2449 0-

238 2465 348 2498 mnino
373 2469 461 2507 petat
484 2475 502 2497 a
526 2465 646 2499 novitio
671 2467 905 2509 professionem
927 2468 970 2500 sa-

239 2522 330 2550 eturo
366 2517 405 2550 de
438 2517 534 2550 rebus
569 2518 683 2561 ipsius,
721 2519 816 2552 etiam
851 2521 968 2553 intuitu

239 2569 368 2613 pietatis
404 2574 436 2602 et
470 2570 698 2614 eleemosynae
738 2572 969 2619 dandaetqui-

313 2631 392 2659 Bull.
407 2632 488 2660 Rom.
504 2647 536 2652 —
558 2633 617 2661 Vol.
632 2634 709 2661 XIX.
853 2635 903 2663 106

1020 310 1128 338 tantur
1152 305 1252 337 libere
1278 305 1452 347 disponere
1477 303 1516 336 de
1541 302 1638 335 rebus
1670 302 1746 343 suis,

1018 363 1114 400 prout
1137 357 1308 391 voluerint.
1335 355 1393 395 Qui
1417 360 1529 390 contra
1552 355 1676 396 fecerit,
1698 365 1747 388 ar-

1017 410 1113 444 bitrio
1138 411 1254 453 prioris
1275 410 1392 443 acriter
1410 409 1577 453 puniatur.

1059 474 1088 496 v.
1113 463 1202 501 Quod
1227 463 1252 496 si
1274 463 1436 505 assignato
1455 461 1505 495 die
1522 471 1747 505 perseverave-

1017 516 1057 548 rit
1080 518 1228 559 pulsam,
1252 521 1378 558 optatus
1404 516 1433 549 ei
1457 516 1615 548 tribuetur
1639 525 1747 548 assen-

1017 578 1086 609 sus,
1111 569 1203 611 eique
1229 569 1352 602 dicetur
1376 569 1462 612 quod
1488 569 1526 601 ad
1551 568 1683 601 missam
1705 567 1746 600 sit

1015 621 1252 663 professionem
1276 622 1415 655 facturus
1441 626 1474 654 et
1497 621 1748 654 communicatu-

1016 683 1086 713 rus,
1113 674 1193 705 sicut
1217 675 1250 706 in
1275 674 1377 716 prima
1400 679 1491 716 parte
1516 673 1721 706 describitur.

1059 736 1100 758 vi.
1128 726 1214 758 Tunc
1233 726 1312 768 ipso,
1334 727 1384 758 vel
1407 726 1489 758 alius
1513 736 1571 768 pro
1597 736 1648 765 e0,
1674 736 1747 768 pro-

1015 778 1186 811 fessionem
1211 779 1269 811 sub
1294 779 1354 811 hac
1379 779 1481 811 forma
1498 784 1530 811 et
1545 779 1649 811 verbis
1668 779 1746 812 seri-

1014 830 1087 863 bet:
1112 831 1204 873 «Ego
1228 831 1325 863 frater
1348 831 1385 863 N.
1407 831 1563 874 promitto
1588 832 1746 864 stabilita-

1015 889 1079 916 tem
1104 891 1134 916 ει
1169 883 1388 916 obedientiam
1426 888 1458 916 et
1497 884 1746 917 conversionem

1015 947 1141 969 morum
1165 946 1312 969 meorum
1337 947 1445 969 coram
1469 936 1533 969 Deo
1567 941 1598 968 et
1621 936 1745 969 Sanctis

1015 989 1095 1028 eius,
1119 994 1151 1022 et
1172 989 1318 1032 reliquiis
1334 989 1424 1022 istius
1442 989 1552 1029 eremi,
1573 1000 1654 1032 quae
1672 999 1746 1022 eon-

1014 1047 1133 1075 strueta
1157 1048 1206 1074 est
1229 1042 1268 1074 ad
1294 1042 1452 1075 honorem
1482 1042 1537 1075 Dei
1567 1047 1600 1075 et
1630 1042 1745 1075 beatae

1015 1106 1145 1138 semper
1170 1095 1306 1137 Virginis
1331 1096 1445 1132 Mariae
1464 1101 1495 1128 et
1510 1096 1596 1128 beati
1616 1095 1745 1129 loannis

1015 1148 1195 1190 Baptistae,
1222 1149 1253 1180 in
1286 1149 1471 1191 praesentia
1494 1148 1615 1180 domini
1640 1149 1745 1181 nostri

1015 1201 1173 1242 prioris».
1200 1201 1237 1233 Et
1252 1201 1285 1233 in
1310 1201 1405 1233 huius
1430 1201 1643 1244 professionis
1669 1201 1742 1242 fine,

1015 1253 1150 1295 ipsemet
1173 1253 1311 1286 novitius
1336 1264 1431 1286 manu
1454 1254 1589 1296 propria
1617 1254 1744 1296 signum

1013 1306 1116 1338 crucis
1141 1307 1305 1349 depinget.
1332 1306 1479 1344 Quamvis
1513 1312 1618 1339 autem
1643 1307 1744 1339 eccle-

1013 1358 1058 1390 sia
1083 1358 1124 1390 sit
1147 1364 1332 1391 constructa
1361 1360 1399 1391 ad
1425 1360 1585 1392 honorem
1609 1360 1743 1392 alterius

1013 1411 1135 1451 Sancti,
1162 1423 1258 1455 quam
1284 1413 1318 1445 B.
1346 1412 1478 1452 Mariae,
1509 1418 1563 1445 aut
1586 1413 1672 1445 beati
1698 1413 1744 1445 lo-

1013 1465 1104 1497 annis
1130 1466 1293 1508 Baptistae
1309 1492 1316 1505 ,
1347 1476 1412 1498 non
1442 1471 1550 1498 tamen
1574 1465 1745 1497 mutabun-

1013 1523 1061 1550 tur
1086 1518 1251 1561 praedicta
1268 1519 1365 1551 verba
1383 1519 1609 1561 professionis.

1055 1580 1110 1603 V11.
1138 1571 1237 1603 Porro
1262 1572 1370 1603 nullus
1396 1571 1534 1603 novitius
1566 1571 1744 1613 professio-

1013 1633 1085 1655 nem
1111 1624 1215 1656 facere
1241 1629 1357 1666 potest,
1382 1624 1443 1656 nisi
1468 1624 1603 1666 proprio
1635 1624 1743 1667 priore

1012 1681 1182 1718 praesente
1208 1682 1239 1708 et
1259 1677 1455 1715 celebrante,
1475 1677 1523 1709 vel
1546 1677 1608 1709 alio
1634 1677 1743 1718 priore

1011 1728 1138 1761 Ordinis
1163 1728 1263 1761 nostri
1290 1739 1346 1771 per
1376 1729 1573 1761 voluntatem
1605 1728 1691 1768 eius,
1717 1728 1743 1760 si

1012 1781 1154 1823 legitime
1194 1781 1290 1813 fuerit
1329 1781 1547 1823 praepeditus.
1590 1781 1742 1813 Rectores

1013 1839 1117 1866 tamen
1142 1833 1313 1866 domorum
1333 1833 1614 1876 incorporatarum
1631 1832 1743 1866 Ordini

1012 1891 1149 1928 possunt
1172 1886 1308 1919 novitios
1332 1886 1371 1918 ad
1393 1886 1630 1928 professionem
1660 1886 1744 1918 reci-

1012 1950 1100 1982 pere,
1119 1939 1173 1971 ubi
1191 1939 1317 1981 priores
1337 1939 1375 1970 ad
1394 1939 1455 1970 hoc
1471 1938 1605 1970 vocandi
1623 1938 1742 1970 distant

1012 1994 1094 2025 ultra
1130 2003 1225 2025 unam
1257 1992 1385 2025 dietam.
1420 1992 1458 2024 Et
1494 1996 1569 2024 tunc
1604 1991 1636 2024 in
1672 1991 1743 2034 ipsa

1012 2046 1222 2088 professionis
1254 2045 1357 2077 forma
1385 2049 1417 2077 et
1452 2045 1611 2087 scriptura
1642 2049 1744 2076 muta-

1011 2099 1098 2132 bitur
1122 2098 1240 2141 prioris
1265 2108 1383 2130 nomen
1401 2098 1433 2129 in
1450 2107 1570 2130 nomen
1591 2097 1740 2130 rectoris.

1054 2162 1123 2185 V111.
1139 2152 1163 2184 A
1176 2150 1364 2194 parentibus
1378 2150 1503 2189 novitii,
1519 2160 1578 2183 nec
1592 2161 1628 2183 ex
1651 2155 1742 2193 parte

1012 2205 1135 2244 novitii,
1163 2215 1223 2237 nec
1247 2203 1382 2237 alicuius
1403 2209 1558 2242 nostrum,
1576 2203 1742 2246 quidpiam

1012 2254 1050 2290 ad
1076 2257 1182 2289 cibum
1213 2261 1362 2299 potumve
1395 2256 1562 2299 pertinens
1598 2260 1739 2299 petatur.

1012 2311 1128 2342 Verum
1152 2310 1179 2342 si
1204 2311 1288 2343 ultro
1321 2309 1477 2349 offerant,
1505 2309 1589 2352 quod
1614 2309 1743 2341 carthu-

1012 2363 1121 2395 sianae
1144 2362 1313 2395 sobrietati
1338 2367 1370 2394 et
1392 2362 1570 2395 modestiae
1595 2372 1659 2395 non
1691 2371 1742 2394 re-

1013 2419 1145 2458 pugnat,
1168 2425 1372 2458 nequaquam
1394 2415 1504 2458 respui
1525 2415 1635 2447 debet.

1056 2478 1099 2501 ix.
1126 2467 1202 2500 Cum
1243 2473 1352 2501 noster
1387 2468 1472 2502 Ordo
1512 2478 1595 2501 unus
1632 2467 1674 2500 sit
1709 2468 1742 2500 in

1012 2520 1121 2554 multis
1157 2521 1354 2554 diversarum
1390 2522 1557 2554 nationum
1595 2521 1742 2554 domibus

1012 2579 1044 2608 et
1068 2585 1131 2608 una
1155 2574 1368 2619 professionis
1393 2575 1496 2609 forma
1523 2581 1671 2610 servetur
1703 2575 1741 2608 ab

1641 191 1699 225 841
1749 200 1798 227 An.
1819 199 1847 226 c,
1871 197 1936 226 1688
