2111 3157
36 117 87 144 An.
105 114 136 143 C.
158 114 222 142 ¹681

60 753 178 774 clausulae.

89 1532 218 1553 obstantium

41 1562 134 1581 romono.

79 1688 140 1710 Ftdeu

41 1718 173 1742 nuptorum.

165 1690 220 1709 tran-

226 164 321 196 causa
337 163 423 204 latis,
450 174 477 197 si
506 164 622 207 quibus
647 162 893 207 quomodolibet
916 162 963 194 in-

226 216 363 248 nodatus
377 216 496 255 existit,
520 217 558 249 ad
575 215 723 249 effectum
740 215 961 259 praesentium

226 267 390 300 dumtaxat
420 268 696 311 consequendum,
733 268 847 301 harum
878 266 961 299 serie

225 320 429 354 absolventes
465 328 498 354 et
520 322 701 355 absolutum
724 321 792 354 fore
825 329 962 352 censen-

226 378 292 413 tes,
318 373 608 417 supplicationibus
642 374 710 406 eius
740 371 872 405 nomine
904 381 962 403 no·

225 426 275 458 bis
300 436 399 469 super
423 426 486 459 hoc
504 425 668 458 humiliter
690 424 846 468 porrectis
869 423 962 456 incli-

225 478 303 517 nati,
323 478 487 511 decretum
503 478 751 521 praeinsertum,
768 476 959 511 auctoritate

225 531 410 573 apostolica,
443 536 555 563 tenore
586 529 819 572 praesentium,
845 528 961 561 confir-

224 593 361 621 mamus,
387 587 420 615 et
443 582 669 625 approbamus,
695 582 809 624 illique
826 580 960 613 inviola-

224 635 299 668 bilis
334 635 529 679 apostolicae
565 633 725 666 firmitatis
755 633 856 666 robur
879 633 960 666 adii-

225 687 339 720 cimus.

269 740 283 783 ἓ
306 739 338 773 3.
364 740 585 773 Decet-nentes
611 739 741 772 easdem
765 744 959 782 praesentes

225 792 353 825 litteras
377 802 504 835 semper
519 791 641 831 firmas,
656 791 779 824 validas
805 797 837 824 et
854 791 961 825 effica-

225 854 280 877 ces
305 844 446 876 existere
472 849 504 876 et
527 844 610 883 sore,
629 853 775 886 suosque
791 844 960 886 plenarios

225 901 259 930 et
281 896 428 939 integros
453 895 587 929 effeetus
605 896 717 928 sortiri
741 901 774 928 et
798 895 961 936 obtinere,

226 960 263 983 ac
283 949 359 989 illis,
377 949 416 981 ad
435 959 517 992 quos
534 953 662 992 spectat
679 953 712 981 et
736 959 796 991 pro
814 954 960 991 tempore

226 1002 497 1046 quandocumque
515 1001 690 1044 spectabit,
709 1001 742 1033 in
760 1001 909 1033 omnibus
931 1007 962 1034 et

226 1065 286 1098 per
316 1053 425 1087 omnia
444 1053 633 1097 plenissime
658 1053 842 1095 suffragari,
867 1059 899 1086 et
922 1054 961 1086 ab

227 1106 272 1140 eis
308 1107 485 1150 respective
519 1106 752 1139 inviolabiliter
776 1106 960 1146 observari,

226 1160 340 1202 sicque
368 1160 401 1191 in
432 1159 617 1201 praemissis
650 1169 710 1200 per
735 1169 961 1202 quoscumque

226 1210 353 1244 iudices
381 1211 568 1244 ordinarios
593 1215 624 1243 et
654 1211 840 1252 delegatos,
863 1212 960 1243 etiam

227 1260 399 1297 causarum
424 1263 536 1305 palatii
568 1261 742 1305 apostolici
774 1263 961 1302 auditores,

225 1314 365 1349 iudicari
391 1320 423 1347 et
447 1314 576 1347 definiri
602 1315 737 1355 debere,
764 1326 801 1347 ac
832 1315 961 1348 irritum

227 1374 260 1402 et
282 1369 379 1400 inane
398 1368 424 1400 si
442 1378 538 1400 secus
556 1378 657 1410 super
678 1368 728 1399 his
747 1378 765 1399 a
783 1378 962 1410 quoquam,

228 1421 341 1464 quavis
356 1421 564 1460 auctoritate,
587 1420 733 1452 scienter
751 1421 800 1453 vel
813 1420 964 1462 ignoran-

228 1479 289 1513 ter,
306 1473 484 1516 contigerit
508 1472 676 1505 attentari.

273 1527 287 1570 g
312 1526 344 1558 4.
364 1525 434 1558 Non
455 1525 658 1558 obstantibus
680 1525 965 1558 constitutionibus

231 1584 264 1611 et
288 1578 547 1611 ordinationibus
566 1578 761 1621 apostolicis,
784 1578 965 1621 ceterisque

231 1630 401 1664 contrariis
420 1630 685 1673 quibuscumque.

275 1685 289 1726 ἓ
320 1683 351 1716 5.
384 1683 537 1715 Volumus
570 1689 677 1715 autem
708 1688 744 1715 ut
778 1684 966 1716 earumdem

229 1734 449 1780 praesentium
474 1736 652 1768 litterarum
672 1736 892 1779 transumptis,
910 1747 966 1768 seu

231 1789 398 1832 exemplis,
415 1787 511 1821 etiam
525 1788 702 1830 impressis,
718 1799 812 1820 manu
830 1789 967 1820 alicuius

231 1840 348 1874 notarii
362 1840 482 1883 publici
504 1840 704 1883 subscriptis,
725 1846 755 1872 et
775 1841 882 1883 sigillo
899 1852 969 1884 per-

230 1903 328 1926 sonae
359 1891 392 1924 in
425 1892 641 1925 ecclesiastica
667 1893 822 1935 dignitate
848 1894 968 1926 consti-

232 1949 318 1977 tutae
343 1944 483 1984 munitis,
510 1945 623 1980 eadem
647 1956 780 1988 prorsus
806 1946 887 1978 tides
903 1946 967 1978 ubi-

232 2008 294 2040 que
320 1998 467 2030 locorum
485 2002 547 2029 tam
568 1997 599 2028 in
624 1997 741 2030 iudicio
766 2008 862 2041 quam
881 2004 968 2030 extra

232 2049 312 2083 illud
352 2050 534 2089 habeatur,
568 2060 650 2092 quae
682 2049 760 2092 ipsis
791 2051 968 2093 praesenti-

233 2103 292 2136 bus
319 2103 496 2135 haberetur
526 2102 553 2135 si
582 2103 689 2134 forent
719 2102 883 2136 exhibitae
918 2105 966 2136 vel

234 2161 395 2189 ostensae.

277 2209 390 2241 Datum
416 2207 553 2247 Romae,
575 2206 660 2251 apud
685 2208 716 2241 S.
735 2207 847 2242 Maiam
872 2207 968 2240 Maio-

234 2271 321 2300 rem,
351 2262 411 2293 sub
444 2262 564 2294 annulo
590 2261 783 2301 Piscatoris‚
821 2261 872 2294 die
899 2272 967 2294 xxiv

235 2314 376 2347 octobris
407 2323 591 2354 unctxxx1‚
625 2312 833 2356 pontificatus
861 2314 966 2347 nostri

236 2377 322 2400 anno
351 2378 380 2400 v.

272 2428 330 2455 Dat.
352 2429 386 2455 ⁶24
405 2428 525 2455 octobris
547 2428 624 2462 168¹,
646 2428 741 2463 pontif.
762 2436 831 2456 anno
851 2435 877 2456 v.

806 114 881 140 INNO
887 114 1021 139 CENTIUS
1040 114 1072 138 X!
1096 114 1147 138 1³1².

1325 160 1413 194 cxtt.

1004 229 1250 273 Componunlur
1281 240 1301 263 α
1331 228 1486 271 Pontifice
1515 228 1625 261 variae
1664 227 1735 261 lites

1046 287 1134 315 ortae
1166 284 1252 316 incer
1288 282 1565 325 archiepiscopum
1601 280 1736 314 Meckli-

1045 336 1198 375 m'ensem,
1230 340 1259 369 et
1286 336 1355 369 eius
1386 334 1536 368 dioecesis
1570 333 1744 377 reyulares,

1046 394 1215 433 eoeemptos.

1185 470 1384 497 Innocentius
1404 469 1483 504 Papa
1500 470 1549 505 xt,

1149 513 1186 540 ad
1205 513 1336 540 futuram
1355 514 1400 540 rei
1420 515 1602 542 memoriam.

1037 582 1092 625 §t
1106 582 1181 616 Cum
1196 582 1279 615 inter
1291 583 1512 616 venerabilem
1526 584 1657 617 fratrem
1671 594 1736 617 mo-

1001 698 1039 720 ex
1062 690 1136 728 una,
1153 698 1190 720 ac
1214 687 1349 720 dilectos
1367 687 1449 720 tilios
1468 689 1665 730 regularium
1682 688 1736 721 Or-

1002 740 1112 773 dinum
1137 740 1339 783 professores
1360 740 1498 773 civitatis
1524 745 1556 773 et
1579 741 1736 774 dioecesis
1771 745 1777 750 '

1001 792 1251 831 Mechliniensis,
1276 791 1330 834 qui
1355 792 1393 824 ab
1419 792 1583 825 ordinaria
1610 792 1737 825 iurisdi-

1003 844 1110 877 ctione
1135 844 1276 887 exempti
1301 850 1382 884 sunt,
1402 855 1438 877 ex
1457 846 1556 877 altera
1572 845 1734 888 partibus,

1003 898 1179 930 nonnullae
1204 897 1442 930 controversiae
1473 902 1602 930 exortae
1642 902 1675 930 et
1703 897 1736 930 in

1003 950 1189 993 particulari
1210 949 1470 992 Congregatione
1489 949 1630 992 desuper
1650 959 1666 981 a
1683 959 1738 982 no—

1003 1003 1052 1036 bis
1078 1003 1228 1045 deputata
1252 1002 1372 1044 pluries
1397 1002 1568 1034 ventilatae
1594 1002 1734 1041 suerint3

1003 1056 1092 1098 ipsae
1126 1064 1204 1088 vero
1240 1059 1364 1097 partes,
1399 1059 1554 1097 paternae
1589 1054 1738 1086 charitati

1003 1113 1140 1145 nostrae,
1159 1107 1198 1139 ad
1220 1106 1427 1139 concordiam
1452 1106 1536 1138 inter
1560 1116 1613 1138 eas
1639 1106 1739 1138 stabi-

1004 1159 1147 1192 liendam
1171 1158 1310 1199 benigne
1331 1168 1523 1200 propensae,
1544 1158 1657 1191 humili
1683 1159 1740 1190 ob-

1004 1211 1117 1253 sequio
1135 1221 1257 1243 morem
1278 1216 1437 1251 gerentes,
1455 1211 1494 1242 de
1515 1210 1739 1243 controversiis

1005 1263 1190 1295 huiusmodi
1214 1262 1300 1294 inter
1323 1272 1356 1294 se
1382 1262 1597 1294 amicabiliter
1624 1271 1740 1295 conve·

1005 1316 1121 1355 nerint,
1146 1315 1307 1358 nobisque
1341 1315 1509 1348 humiliter
1539 1316 1740 1358 supplicave-

1005 1369 1071 1401 rint
1102 1374 1137 1400 ut
1171 1373 1354 1411 opportune
1391 1369 1533 1411 desuper
1567 1368 1739 1410 providere

1005 1427 1037 1454 et
1071 1426 1107 1453 ut
1142 1420 1224 1453 infra
1255 1420 1426 1463 indulgere
1463 1421 1501 1453 de
1536 1420 1739 1462 benignitate

1006 1473 1184 1516 apostolica
1216 1473 1443 1514 dignaremur:
1478 1472 1554 1504 hinc
1579 1478 1628 1505 est
1652 1472 1739 1515 quod

1006 1537 1075 1566 nos,
1094 1526 1268 1568 specialem
1293 1525 1543 1568 archiepiscopo
1564 1530 1596 1557 et
1617 1526 1741 1567 regula-

1006 1579 1094 1611 ribus
1119 1578 1268 1621 praesatis
1293 1577 1427 1620 gratiam
1452 1578 1557 1610 facere
1581 1578 1738 1617 volentes,

1007 1636 1038 1664 et
1052 1630 1359 1672 eorum'singulares
1372 1640 1528 1673 personas
1547 1640 1564 1662 a
1578 1629 1742 1672 quibusvis

1007 1683 1364 1721 excommunicationis,
1391 1682 1614 1725 suspensionis
1639 1687 1671 1714 et
1694 1682 1743 1714 in-

1008 1736 1146 1775 terdicti,
1165 1735 1303 1778 aliisque
1318 1734 1546 1767 ecclesiasticis
1560 1734 1741 1774 sententiis,

1008 1789 1152 1821 censuris
1169 1793 1199 1820 et
1212 1787 1340 1830 poenis,
1356 1797 1372 1819 a
1389 1787 1457 1818 iure
1475 1787 1523 1819 vel
1545 1787 1584 1818 ab
1599 1786 1742 1826 homine,

1009 1841 1119 1883 quavis
1145 1840 1317 1873 occasione
1341 1841 1391 1872 vel
1416 1841 1511 1872 causa
1530 1839 1613 1876 latis,
1632 1839 1656 1871 si
1675 1838 1744 1881 qui-

1008 1894 1068 1925 bus
1103 1893 1346 1935 quomodolibet
1380 1891 1554 1925 innodatae
1579 1891 1743 1931 existunt,

1009 1947 1047 1979 ad
1074 1946 1222 1978 effectum
1246 1945 1466 1989 praesentium
1485 1945 1648 1977 dumtaxat
1671 1954 1744 1976 con-

1009 1999 1218 2042 sequendum,
1244 1998 1357 2030 harum
1382 1997 1466 2030 serie
1487 1997 1693 2031 absolventes
1712 2000 1745 2028 et

1009 2052 1173 2083 absolutas
1188 2051 1254 2083 sore
1272 2055 1454 2090 censentes,
1466 2048 1653 2081 huiusmodi
1672 2059 1744 2091 sup-

1009 2104 1236 2147 plicationibus
1266 2102 1421 2142 inclinati,
1450 2113 1487 2134 ac
1507 2101 1743 2135 controversias

1010 2157 1191 2199 praedictas
1205 2156 1243 2188 ad
1263 2166 1321 2188 nos
1341 2155 1453 2187 harum
1466 2155 1548 2187 serie
1562 2159 1741 2193 avocantes,

1009 2219 1204 2251 omnemque
1230 2208 1318 2240 litem
1343 2217 1441 2249 super
1468 2207 1532 2240 illis
1557 2217 1612 2239 seu
1634 2216 1744 2239 earum

1010 2263 1181 2295 occasione
1208 2266 1386 2293 emanatam
1417 2260 1663 2302 extinguentes,
1689 2270 1744 2291 au-

1010 2316 1157 2347 ctoritate
1188 2313 1376 2356 apostolIca,
1391 2319 1502 2345 tenore
1514 2312 1742 2355 praesentium,

1010 2367 1177 2399 statuimus
1203 2372 1233 2399 et
1253 2365 1440 2398 ordinamus
1467 2365 1551 2397 utin
1577 2369 1743 2407 posterum

1011 2421 1114 2453 dietus
1129 2418 1391 2461 archiepiscopus
1409 2428 1473 2450 non
1495 2417 1595 2460 possit
1615 2417 1744 2458 exigere

1012 2484 1029 2504 a
1044 2471 1195 2514 praefatis
1217 2470 1422 2513 regularibus
1443 2469 1599 2512 exemptis
1617 2474 1648 2502 et
1665 2469 1747 2511 Apo·

1629 100 1690 136 421
1737 111 1790 139 An.
1806 109 1835 140 e.
1856 109 1926 139 iasa

1745 589 1928 637 „„„,3⁰:11³:=;³:¹„‘3

1002 634 1137 667 dernum
1161 635 1442 678 archiepiscopum
1471 635 1735 669 Mechliniensem
1746 643 1814 664 bricst-
