2111 3157
143 158 192 187 An.
211 157 240 185 C.
264 159 330 187 1678

376 153 418 185 98

338 208 370 242 in
395 209 543 242 omnibus
569 212 599 243 et
623 220 681 252 per
701 209 821 249 omnia,
841 209 976 252 perinde
994 219 1031 241 ac
1047 208 1072 240 si

337 262 408 295 illas
442 273 555 295 omnes
589 268 619 295 et
645 262 788 304 singulas
814 263 852 294 ab
878 261 948 305 ipso
983 261 1073 294 initio

339 315 497 348 canonice
537 320 661 347 erectas
704 320 736 347 et
774 314 938 347 institutas
973 314 1073 347 fuisse

337 379 503 411 novasque
529 368 709 401 erectiones
730 372 762 400 et
779 367 998 400 institutiones
1016 377 1074 399 suo

339 426 496 464 tempore,
516 421 601 453 iuxta
627 420 762 453 sormam
787 425 980 453 memoratae
1000 430 1075 452 con-

338 473 516 505 stitutionis
541 472 712 505 Clementis
729 473 999 515 praedecessoris,
1019 472 1075 505 ob-

338 526 474 558 tinuisse
493 530 664 564 constaret,
684 530 725 565 et,
744 530 901 568 quatenus
919 535 1000 568 opus
1022 525 1073 565 sit,

338 578 410 610 illas
435 588 546 610 omnes
573 584 604 610 et
628 578 783 620 singulas,
819 580 944 610 servata
969 583 1073 610 tamen

339 631 505 673 ceteroqui
542 631 782 674 praedictarum
815 630 903 662 Pauli
940 631 1076 672 praede-

338 684 476 716 cessoris
513 684 694 716 litterarum
737 694 773 716 ac
808 683 1074 716 constitutionum

339 746 395 768 seu
439 737 643 770 decretorum
681 737 775 769 huius
818 741 946 769 sanctae
986 736 1076 769 Sedis

338 789 527 831 praesertim
556 789 639 821 circa
665 789 847 821 distantiam
873 790 1017 822 locorum
1043 788 1075 820 in

340 841 504 874 erectione
531 841 833 874 confraternitatum
851 841 964 874 similis
985 841 1076 873 insti-

338 894 397 925 tuti
432 894 619 927 servandam
654 893 894 927 emanatarum¹
921 894 1022 926 forma
1046 898 1078 926 et

339 946 560 989 dispositione,
587 947 625 979 de
651 958 734 980 novo
761 947 915 989 erigimus
934 951 965 979 et
985 945 1078 977 insti-

339 999 468 1031 tuimus.
496 1000 539 1031 Ac
561 1000 700 1042 ipsarum
718 999 1015 1032 confraternitatum
1034 998 1088 1030 sic-

340 1062 357 1084 a
389 1052 480 1084 nobis
516 1052 780 1084 confirmatarum
813 1056 843 1084 et
867 1051 1076 1083 validatarum

339 1110 371 1138 et
396 1105 433 1136 de
451 1115 533 1136 novo
552 1105 730 1147 respective
751 1109 930 1137 erectarum
955 1104 1078 1136 confra-

339 1156 443 1188 tribus
471 1162 501 1188 et
526 1157 767 1196 consororibus,
793 1161 827 1188 ut
862 1156 1010 1189 omnibus
1048 1161 1077 1188 et

340 1208 476 1251 singulis
502 1209 714 1251 indulgentiis
741 1214 772 1242 et
797 1214 1005 1252 peccatorum
1032 1219 1077 1242 re-

339 1261 550 1294 missionibus
577 1273 613 1295 ac
648 1263 924 1305 poenitentiarum
958 1264 1078 1295 relaxa-

342 1314 485 1346 tionibus
512 1326 529 1347 a
554 1316 724 1358 praedicto
757 1315 856 1348 Paulo
889 1316 1079 1357 praedeces-

340 1377 414 1399 sore
433 1377 491 1409 per
510 1372 617 1400 ternas
636 1378 708 1399 suas
730 1368 854 1400 litteras
879 1368 1078 1410 supradictas

341 1418 512 1459 concessis,
540 1430 605 1451 non
631 1425 739 1452 autem
758 1420 831 1453 ullis
857 1420 937 1459 aliis,
955 1422 1079 1452 servata

342 1477 447 1503 tamen
474 1472 596 1514 pariter
620 1473 806 1505 earumdem
828 1473 916 1505 Pauli
942 1473 1076 1515 praede—

341 1524 481 1556 cessoris
497 1524 679 1557 litterarum
694 1524 794 1557 forma
808 1530 839 1557 et
856 1525 1076 1567 dispositione,

341 1576 400 1615 uti,
428 1576 488 1608 frui
515 1582 546 1608 et
570 1576 709 1618 gaudere
728 1576 829 1609 libere
847 1582 878 1609 et
895 1576 981 1609 licite
1005 1588 1080 1619 pos-

341 1629 405 1660 sint
440 1632 470 1662 et
504 1630 641 1667 valeant,
678 1629 866 1661 auctoritate
904 1635 935 1662 et
967 1634 1078 1662 tenore

342 1681 495 1724 praefatis
538 1681 747 1714 concedimus
788 1687 819 1714 et
858 1682 1076 1724 indulgemus.

342 1733 442 1766 Porro
468 1733 573 1765 eidem
606 1733 758 1775 magistro
784 1734 927 1776 generali
965 1735 1078 1767 harum

341 1785 424 1818 serie
450 1785 666 1827 iniungimus,
691 1791 728 1817 ut
763 1792 825 1818 tam
861 1786 1080 1828 praesentium

343 1847 438 1880 quarn
464 1843 626 1869 ternarum
644 1837 732 1871 Pauli
751 1838 1014 1880 praedecessoris
1031 1839 1082 1872 lit-

344 1895 484 1921 terarum
517 1889 754 1932 praedictarum
785 1895 986 1934 transumpta
1025 1901 1081 1923 seu

345 1942 491 1985 exempla
517 1942 703 1974 authentica
733 1943 772 1975 ad
797 1943 940 1985 singulas
968 1943 1082 1976 domos

344 1995 511 2036 regulares
530 1994 603 2026 dicti
623 1994 759 2033 Ordinis,
778 1995 809 2026 in
830 2005 963 2037 quarum
981 1997 1082 2029 eccle-

345 2046 399 2079 siis
424 2046 707 2079 confraternitates
726 2046 913 2079 huiusmodi
930 2047 1079 2087 existunt,

346 2098 565 2142 quantocitius
591 2099 660 2130 sieri
685 2099 818 2142 poterit,
839 2100 1018 2139 transmitti,
1045 2101 1082 2133 il-

345 2153 441 2194 laque
466 2152 681 2184 confratribus
699 2158 730 2185 et
753 2152 980 2185 consororibus
997 2153 1082 2196 ipsa-

346 2215 417 2236 rum
449 2204 747 2237 confraternitatum
783 2205 940 2237 notisicari
972 2211 1079 2246 curet,

347 2257 386 2289 ad
424 2257 486 2289 hoc
514 2262 548 2288 ut
577 2257 801 2300 unusquisque
834 2257 963 2289 illorum
1004 2258 1083 2290 sciat

347 2309 463 2352 quibus
488 2309 700 2352 indulgentiis
726 2315 754 2342 et
781 2310 892 2352 gratiis
912 2310 1082 2353 spirituali-

346 2363 407 2395 bus
432 2372 468 2394 ex
495 2362 589 2394 huius
614 2368 742 2395 sanctae
766 2362 856 2395 Sedis
882 2363 1081 2406 benignitate

347 2414 409 2447 frui
436 2414 475 2447 de
496 2419 605 2447 cetero
630 2416 746 2447 valeat.
779 2415 927 2448 Ceterum
953 2415 985 2448 in
1011 2426 1082 2448 ere-

347 2466 455 2501 ctione
481 2471 512 2498 et
536 2466 737 2499 institutione
774 2467 926 2500 similium
958 2469 1083 2501 confra-

382 2528 395 2555 1
415 2526 481 2554 Mate
496 2526 559 2555 edit.
577 2527 653 2555 Main.
670 2527 732 2563 legit
751 2531 955 2557 emanatorum
975 2529 1014 2566 (n.
1031 2530 1080 2562 T.).

910 161 1088 186 BULLARIUM
1112 161 1263 187 ROMANUM

1117 209 1318 249 ternitatum‚
1345 220 1406 243 nec
1430 220 1496 243 non
1520 193 1790 252 indulgentiarum
1817 214 1848 242 et

1116 262 1288 305 gratiarum
1314 263 1601 297 communicatione
1619 264 1683 296 illis
1703 273 1762 306 per
1782 273 1848 295 ma-

1117 316 1253 357 gistrum
1273 317 1460 358 generalem
1478 315 1604 349 Ordinis
1621 314 1788 358 praedicti,
1806 319 1848 353 et,

1116 368 1171 401 illo
1196 369 1338 408 absente,
1364 379 1421 412 per
1437 369 1506 401 eius
1528 368 1682 401 vicarium
1706 367 1739 399 in
1763 367 1848 400 Urbe

1117 422 1280 463 praedicta
1297 428 1558 460 commorantem,
1575 422 1613 454 de
1627 426 1747 460 cetero,
1762 420 1850 452 iuxta

1119 474 1298 506 facultatem
1316 485 1333 506 a
1357 474 1523 516 praedicto
1541 474 1639 507 Paulo
1659 473 1850 516 praedeces-

1117 537 1190 559 sore
1211 526 1294 558 sicut
1326 526 1544 569 praemittitur
1568 535 1771 565 concessam,
1804 524 1850 556 fa-

1118 578 1248 617 ciendis,
1268 578 1403 611 formam
1424 579 1455 611 in
1481 576 1681 622 supradicta¹
1704 577 1850 610 Clemen-

1119 631 1156 663 tis
1191 631 1449 674 praedecessoris
1491 631 1719 663 constitutione
1757 639 1850 672 prae-

1118 683 1269 726 scriptam
1303 683 1495 716 adamussim
1525 683 1642 716 servari
1680 683 1850 721 volumus,

1119 735 1263 778 alioquin
1296 736 1476 768 erectiones
1504 741 1535 768 et
1565 735 1785 768 institutiones
1816 744 1852 765 ac

1118 787 1393 830 indulgentiarum
1429 794 1461 821 et
1496 789 1670 831 gratiarum
1702 786 1852 830 spiritua-

1119 839 1195 871 lium
1223 840 1529 874 communicationes
1557 839 1746 873 huiusmodi
1780 839 1852 871 nul-

1119 891 1179 924 lius
1195 892 1327 925 omnino
1345 892 1408 924 sint
1424 893 1552 925 roboris
1571 898 1603 926 et
1618 891 1788 926 momenti.

1163 945 1177 987 ἓ
1201 943 1231 977 3.
1263 944 1482 977 Decernentes
1507 946 1639 978 easdem
1666 948 1852 988 praesentes

1119 997 1244 1030 litteras
1264 1007 1395 1040 semper
1414 997 1536 1037 sirmas,
1558 999 1679 1031 validas
1697 1002 1729 1030 et
1749 997 1863 1032 effica-.

1119 1060 1172 1082 ces
1204 1050 1340 1082 existere
1366 1055 1397 1082 et
1421 1051 1497 1091 fore,
1523 1061 1664 1094 suosque
1690 1049 1854 1093 plenarios

1120 1108 1151 1135 et
1182 1103 1326 1146 integros
1346 1103 1479 1136 effectus
1501 1104 1608 1137 sortiri
1634 1109 1665 1137 et
1690 1103 1853 1142 obtinere,

1120 1167 1156 1189 ac
1180 1157 1261 1196 illis,
1287 1157 1326 1189 ad
1346 1167 1425 1200 quos
1444 1163 1569 1201 spectat
1586 1162 1617 1190 et
1634 1167 1692 1200 pro
1710 1162 1856 1199 tempore

1120 1209 1389 1252 quandocumque
1424 1210 1606 1252 spectabit,
1638 1210 1669 1242 in
1704 1208 1854 1241 omnibus

1121 1267 1153 1294 et
1191 1273 1248 1305 per
1286 1263 1396 1295 omnia
1436 1263 1623 1305 plenissime
1659 1260 1826 1304 suffragari
1847 1287 1855 1300 ‚

1121 1319 1152 1346 et
1177 1314 1216 1346 ab
1242 1314 1288 1346 eis
1321 1315 1496 1357 respective
1532 1312 1767 1347 inviolabiliter
1801 1313 1859 1346 ob-

1121 1367 1250 1407 servari,
1280 1367 1390 1410 sieque
1415 1368 1446 1400 in
1472 1368 1658 1411 praemissis
1682 1377 1743 1410 per
1763 1377 1856 1409 quos-

1121 1431 1257 1462 cumque
1275 1420 1400 1453 iudices
1423 1420 1608 1453 ordinarios
1630 1425 1662 1453 et
1678 1420 1858 1462 delegatos,

1121 1472 1216 1505 etiam
1234 1483 1401 1505 causarum
1416 1473 1527 1515 palatii
1546 1472 1719 1515 apostolici
1735 1471 1859 1504 audito-

1122 1535 1182 1563 res,
1196 1524 1333 1556 iudicari
1348 1529 1379 1556 et
1392 1524 1521 1557 definiri
1537 1525 1669 1563 debere,
1680 1535 1717 1556 ac
1731 1522 1858 1556 irritum

1121 1577 1262 1610 etinane
1277 1578 1303 1609 si
1329 1587 1422 1609 secus
1447 1587 1544 1620 super
1569 1576 1620 1609 his
1645 1587 1662 1608 a
1682 1586 1857 1619 quoquam,

1122 1629 1233 1673 quavis
1256 1629 1457 1669 auctoritate,
1474 1629 1615 1662 scienter
1634 1629 1683 1662 vel
1707 1629 1860 1671 ignoran-

1123 1688 1181 1721 ter,
1201 1681 1376 1724 contigerit
1399 1681 1562 1714 attentari.

1167 1735 1181 1778 ἓ
1206 1734 1238 1767 4.
1265 1733 1334 1767 Non
1359 1734 1563 1767 obstantibus
1589 1733 1789 1777 praemissis,
1814 1743 1858 1773 ac,

1124 1792 1280 1830 quatenus
1305 1797 1386 1829 opus
1404 1786 1453 1825 sit,
1472 1787 1582 1818 nostra
1599 1791 1630 1818 et
1647 1784 1859 1818 cancellariae

1124 1839 1321 1882 apostolicae
1346 1839 1460 1880 regula
1485 1838 1523 1871 de
1548 1849 1614 1871 non
1643 1837 1860 1871 concedendis

1124 1891 1334 1934 indulgentiis
1348 1891 1387 1923 ad
1406 1891 1517 1933 instar,
1536 1901 1595 1923 nec
1613 1901 1677 1923 non
1695 1890 1860 1934 praedicta

1124 1943 1300 1977 Clementis
1326 1943 1595 1986 praedecessoris,
1622 1943 1758 1986 aliisque
1786 1952 1862 1975 con-

1125 1996 1349 2029 stitutionibus
1381 2000 1412 2028 et
1437 1996 1697 2028 ordinationibus
1731 2000 1862 2038 aposto-

1125 2047 1206 2088 licis,
1223 2058 1258 2080 ac
1272 2047 1445 2090 quibusvis,
1462 2047 1557 2080 etiam
1574 2048 1764 2088 iuramento,
1782 2057 1860 2080 con-

1125 2100 1305 2133 firmatione
1323 2100 1507 2143 apostolica‚
1523 2101 1573 2133 vel
1588 2100 1697 2143 quavis
1711 2099 1861 2133 firmitate

1125 2153 1185 2186 alia
1214 2153 1374 2186 roboratis
1389 2179 1397 2193 ‚
1424 2152 1547 2185 statutis
1569 2158 1600 2185 et
1619 2152 1862 2186 consuetudini-

1124 2207 1195 2245 bus,
1212 2205 1388 2248 privilegiis
1401 2215 1538 2248 quoque,
1554 2205 1687 2238 indultis
1702 2210 1733 2237 et
1747 2204 1861 2238 litteris

1125 2257 1311 2301 apostolicis
1333 2257 1365 2289 in
1391 2257 1587 2290 contrarium
1613 2257 1862 2301 praemissorum

1125 2309 1371 2353 quomodolibet
1395 2310 1580 2349 concessis,
1609 2309 1807 2342 confirmatis
1831 2315 1864 2343 et

1124 2362 1303 2401 innovatis,
1335 2362 1450 2404 quibus
1478 2361 1629 2395 omnibus
1652 2366 1685 2394 et
1713 2361 1861 2404 singulis,

1125 2414 1255 2448 illorum
1278 2419 1408 2447 tenores
1434 2414 1662 2458 praesentibus
1678 2424 1737 2457 pro
1766 2415 1861 2457 plene

1126 2472 1158 2500 et
1188 2466 1385 2500 sufficienter
1410 2467 1573 2510 expressis
1599 2471 1630 2499 et
1660 2466 1698 2498 ad
1730 2466 1862 2499 verbum

1162 2531 1172 2555 1
1196 2528 1261 2556 Male
1282 2528 1346 2556 edit.
1363 2528 1442 2555 Main.
1460 2527 1523 2564 legit
1540 2527 1741 2563 supradictam
1757 2527 1797 2563 (n.
1813 2527 1861 2564 τ.).

1853 159 1904 186 An.
1920 158 1949 188 C.
1970 160 2036 190 ¹678

1891 952 2010 976 clausulae.

1897 1738 2051 1759 Contrariorum

1871 1766 1988 1791 ‹inrogatio-
