2111 3157
0 238 19 258 ι.
39 228 68 258 C.
86 226 151 256 ¹677

0 1803 57 1825 [orae
66 1804 149 1824 dioece-

15 1832 96 1851 toi-mini
113 1831 149 1851 de·

0 1858 93 1878 ittuntur.

738 221 951 249 INNCCENTIUS
972 223 1002 246 XI
1028 222 1077 246 1³1¹.

157 286 216 320 pro
233 280 378 319 tempore
391 274 601 308 existentibus
616 273 769 311 facienda,
785 282 892 314 quam-

157 328 295 372 primum
326 327 395 360 fieri
428 327 567 370 poterit,
604 326 706 368 erigat
737 330 769 357 et
799 323 892 356 insti-

158 385 249 421 tuat;
283 391 413 413 necnon
445 379 665 422 episcopalem
697 376 892 410 iurisdictio-

157 443 242 473 nem,
271 433 495 465 auctoritatem
521 437 553 464 et
575 435 768 474 potestatem
801 439 891 461 exer-

159 495 242 524 cere,
268 485 438 527 omniaque
458 489 488 516 et
505 484 639 526 singula,
657 492 739 526 quae
757 481 890 521 ordinis,

158 547 304 580 quaeque
329 535 559 568 iurisdictionis
591 541 622 568 et
652 534 825 567 cuiuslibet
848 535 893 566 al-

160 591 258 624 terius
281 588 426 622 muneris
445 587 638 631 episcopalis
658 592 738 625 sunt,
758 592 790 619 et
809 597 889 629 quae

157 642 211 675 alii
236 642 270 674 in
294 640 511 683 Portugalliae
536 645 567 672 et
590 639 818 681 Algarbiorum
841 649 892 671 re-

158 694 229 737 gnis
253 699 284 726 et
309 692 460 726 dominiis
484 691 651 725 constituti
682 691 826 734 episcopi
858 690 891 723 in

158 747 223 780 suis
247 745 400 786 ecclesiis,
425 745 608 778 civitatibus
633 749 664 777 et
689 744 892 777 dioecesibus

158 799 262 831 facere
286 803 422 841 possunt
446 802 477 830 et
502 797 632 835 debent,
660 797 764 829 facere
789 796 891 829 libere

159 858 191 884 et
214 851 302 884 licite
328 851 429 894 possit
453 855 484 882 et
508 849 654 890 debeat¹,
674 860 710 882 ac
728 849 761 881 in
778 850 890 882 eadem

158 905 203 937 sic
228 906 336 937 erecta
372 903 507 936 eeclesia
540 902 756 945 episcopalem
788 902 892 944 digni-

159 962 257 990 tatem
282 966 353 989 cum
379 956 465 995 sede,
490 954 769 998 praeeminemus,
792 955 893 987 hono-

158 1009 268 1048 ribus,
295 1007 474 1051 privilegiis
504 1013 537 1040 et
568 1007 792 1047 facultatibus,
825 1007 893 1050 qui-

158 1062 219 1094 hus
244 1061 325 1094 aliae
361 1060 564 1093 cathedrales
601 1060 756 1093 ecclesiae
787 1060 894 1092 huius-

157 1115 244 1148 modi
270 1115 309 1148 de
327 1115 396 1147 iure
414 1115 464 1147 vel
482 1114 715 1147 consuetudine
736 1119 789 1146 aut
813 1113 892 1146 alias

158 1173 305 1207 utuntur,
332 1166 500 1209 potiuntur
531 1172 563 1199 et
596 1166 748 1209 gaudent,
774 1176 810 1198 ac
834 1166 891 1205 uti,

159 1220 229 1259 frui,
256 1218 353 1262 potiri
378 1224 408 1250 et
432 1219 570 1260 gaudere
595 1223 728 1261 possunt
754 1224 784 1250 et
808 1223 894 1260 pote-

158 1278 233 1305 runt
257 1271 502 1315 quomodolibet
526 1271 558 1303 in
584 1272 739 1311 futurum,
765 1281 892 1303 necnon

159 1325 334 1370 episcopali
360 1330 392 1357 et
415 1325 582 1368 capitulari
606 1324 736 1362 mensis,
758 1324 892 1366 aliisque

158 1378 400 1412 cathedralibus
426 1377 583 1420 insigniis,
602 1378 640 1411 ad
659 1377 892 1419 omnipotentis

158 1431 214 1464 Dei
238 1431 376 1469 laudem,
394 1436 426 1463 et
451 1430 702 1471 gloriosissimae
728 1429 893 1472 genitricis

159 1484 227 1516 eius
261 1483 400 1525 Virginis
435 1482 550 1516 Mariae
586 1483 746 1525 totiusque
784 1482 894 1514 trium—

159 1536 289 1579 phantis
315 1536 476 1568 Ecclesiae
502 1536 656 1578 gloriam,
684 1541 715 1568 et
745 1535 821 1568 fidei
846 1546 895 1567 ca-

158 1589 300 1622 tholicae
315 1587 552 1628 exaltationem,
568 1588 607 1621 de
622 1587 781 1620 similibus
794 1587 895 1620 consi-

159 1642 203 1674 lio
218 1647 249 1674 et
269 1641 464 1684 apostolicae
486 1641 656 1683 potestatis
681 1640 893 1683 plenitudine,

159 1694 335 1737 apostolica
366 1693 574 1733 auctoritate,
601 1698 712 1726 tenore
745 1703 894 1736 praescn-

160 1747 250 1786 tium,
275 1751 435 1789 perpetuo
461 1746 614 1788 erigimus
633 1752 664 1779 et
684 1746 890 1779 instituimus.

203 1799 272 1842 §4-
301 1800 344 1831 Ac
370 1799 473 1832 eidem
506 1798 550 1831 sic
582 1804 708 1832 erectae
739 1799 892 1832 ecclesiae

160 1852 320 1895 oppidum
351 1851 382 1884 S.
418 1851 567 1884 Ludovici
602 1851 826 1894 praedictum,
859 1850 891 1883 in

159 1905 317 1937 civitatem
342 1909 505 1943 erectum,
528 1914 587 1946 pro
612 1904 750 1945 civitate,
776 1910 807 1937 et
831 1905 893 1936 alia

160 1957 292 2000 oppida,
312 1961 425 1997 castra,
443 1958 546 1997 villas,
564 1957 725 1990 territoria
742 1962 773 1990 et
790 1957 893 1990 distri-

159 2014 229 2042 ctus
254 2009 357 2042 dictae
383 2009 570 2051 provinciae
589 2009 627 2042 de
647 2009 851 2052 Mar-agnano,
877 2019 893 2041 a

160 2062 269 2105 Capite
298 2062 397 2094 Ilorte
430 2072 490 2104 per
523 2072 611 2094 oram
644 2062 837 2095 maritimam
863 2067 894 2095 et

160 2119 279 2147 terram
305 2113 390 2146 intus
416 2124 519 2156 usque
544 2115 583 2147 ad
608 2114 722 2147 Arcem
740 2116 778 2148 de
803 2115 893 2147 Scata

161 2167 329 2208 exclusive,
349 2177 408 2210 pro
426 2166 578 2208 dioecesi,
596 2178 723 2201 necnon
742 2168 894 2201 ecclesia-

161 2219 255 2252 sticas
272 2218 466 2262 praedictas‘z
483 2230 539 2262 pro
553 2220 650 2259 clero,
666 2225 697 2253 et
710 2222 893 2253 saeculares

161 2282 334 2315 personas,
358 2272 391 2304 in
416 2272 542 2305 civitate
567 2277 598 2305 et
618 2272 759 2306 dioecesi
785 2273 895 2306 huius-

160 2323 249 2356 modi
262 2334 322 2366 pro
339 2328 483 2366 tempore
501 2325 666 2367 degentes,
684 2336 741 2368 pro
760 2327 893 2368 populo,

162 2375 202 2409 de
223 2376 373 2417 consilio,
388 2381 546 2420 potestate
561 2382 593 2409 et
606 2377 794 2410 auctoritate
808 2378 894 2410 simi-

199 2465 208 2490 1
227 2463 303 2496 Male,
318 2467 347 2491 ut
366 2468 448 2499 patet,
469 2464 533 2492 edit.
555 2464 633 2492 Main.
659 2465 722 2501 tegit
739 2466 848 2500 possint
867 2469 893 2493 et

162 2507 281 2534 debeant
300 2511 338 2541 (R.
354 2510 403 2541 T.).

197 2550 215 2576 2
228 2551 349 2578 Pessime
364 2551 428 2579 edit.
444 2552 522 2580 Main.
542 2553 608 2588 legit
627 2552 757 2580 ecclesian
775 2553 894 2585 praedi-

163 2595 204 2622 cto
224 2594 262 2628 (R.
278 2595 327 2626 13).

172 2641 202 2668 s

934 271 1025 310 libus,
1045 271 1141 303 etiam
1164 274 1322 313 perpetuo
1348 268 1557 302 concedimus
1576 275 1607 301 et
1623 280 1667 301 as-

934 323 1111 365 signamus3
1135 323 1371 366 civitatemque,
1397 322 1581 362 dioecesim,
1604 324 1668 355 cle-

934 386 1003 408 rum
1032 381 1063 408 et
1090 377 1247 418 populum
1274 376 1429 419 episcopo
1457 375 1488 408 S.
1515 375 1667 407 Ludovici

935 429 1039 471 quoad
1052 429 1273 471 episcopalem
1289 429 1495 468 ordinariam,
1514 438 1576 471 quo
1591 438 1668 460 vero

934 481 971 513 ad
996 481 1279 524 metropolitanam
1297 482 1553 514 iurisdictionem
1572 486 1603 513 et
1620 491 1669 512 su-

934 534 1155 575 perioritatem
1173 534 1224 575 (eo
1241 534 1328 576 quod
1354 546 1371 566 a
1396 534 1594 577 praescripta
1619 544 1670 565 cc-

934 587 1033 619 clesia
1056 586 1086 618 S.
1117 586 1271 619 Ludovici
1301 588 1397 628 longe
1423 587 1547 619 facilius
1572 591 1667 628 atque

935 638 1117 681 expeditius
1145 638 1208 670 iter
1239 639 1279 671 sit
1310 639 1544 681 Ulyssiponem,
1571 649 1668 681 qnam

934 690 1066 723 Bahiarn
1091 690 1238 723 Omnium
1262 690 1459 730 Sanctorum,
1486 691 1597 723 habita
1621 702 1669 723 ra-

934 742 1020 775 tione
1037 742 1209 785 praecipue
1228 743 1457 775 commodioris
1474 743 1666 782 commercii,

932 795 1018 828 unde
1043 794 1189 838 sequitur
1212 795 1316 828 maior
1338 796 1564 839 opportunitas
1589 797 1670 839 regi-

934 847 1013 879 mini
1046 848 1240 890 animarum)
1273 848 1522 891 archiepiscopo
1554 849 1670 892 Ulyssi-

934 900 1070 943 ponensi
1087 927 1094 940 ,
1121 900 1159 933 de
1185 900 1343 933 dictorum
1376 901 1507 933 fratrum
1532 902 1670 935 consilio

934 959 965 986 et
990 953 1157 996 potestatis
1181 953 1384 996 plenitudine
1410 954 1552 997 paribus.
1573 955 1670 987 etiam

935 1011 1092 1048 perpetuo
1125 1005 1335 1045 subiicimus3
1373 1016 1503 1039 necnon
1539 1018 1668 1040 mensae

936 1058 1114 1101 episcopali
1140 1058 1171 1090 S.
1199 1058 1351 1091 Ludovici
1377 1058 1583 1099 huiusmodi,
1611 1048 1722 1102 prom:-

937 1111 1005 1143 eius
1023 1112 1106 1151 dote,
1128 1111 1275 1144 redditus
1301 1122 1426 1144 annuos
1445 1113 1580 1145 duorum
1601 1113 1672 1145 mil-

936 1163 1014 1196 lium
1040 1169 1072 1196 et
1096 1164 1348 1207 quingentorum
1373 1165 1590 1198 cruciatorum
1608 1176 1674 1198 mo-

936 1222 1029 1249 netae
1065 1216 1280 1259 Portugalliae
1312 1227 1371 1259 per
1407 1217 1512 1260 ipsum
1541 1218 1672 1250 Petrum

937 1269 1115 1311 principem
1134 1268 1405 1311 assignandorum
1419 1270 1527 1313 (quam
1543 1270 1674 1313 quidem

936 1332 1093 1353 summam
1118 1321 1204 1354 idem
1229 1321 1343 1354 Petrus
1369 1323 1522 1365 princeps
1544 1323 1582 1355 de
1609 1324 1674 1355 suis

936 1374 1077 1416 propriis
1114 1378 1145 1406 et
1180 1384 1239 1416 pro
1281 1378 1426 1417 tempore
1467 1374 1672 1407 existentium

936 1426 1151 1468 Portugalliae
1173 1431 1204 1458 et
1221 1426 1446 1468 Algarbiorum
1468 1438 1578 1469 regum
1598 1428 1672 1460 red-

936 1479 1063 1518 ditibus,
1081 1483 1112 1511 et
1128 1479 1313 1522 specialiter
1330 1479 1368 1512 de
1386 1480 1434 1520 iis,
1449 1491 1530 1523 quae
1549 1491 1585 1512 ex
1603 1480 1674 1522 ipsa

938 1531 1070 1573 regione
1105 1531 1295 1564 Brasiliensi
1326 1533 1571 1575 percipiuntur,
1604 1543 1674 1575 gra-

937 1584 1016 1616 tiose
1041 1589 1073 1617 et
1097 1584 1353 1617 irrevocabiliter
1378 1585 1507 1617 donavit
1528 1591 1559 1618 et
1583 1586 1675 1618 obtu-

937 1636 983 1675 lit,
1012 1647 1048 1669 ac
1081 1638 1207 1669 solvere
1233 1638 1406 1680 quotannis
1430 1638 1591 1681 promisit,
1616 1648 1673 1670 seu

936 1689 1108 1732 promittit)
1122 1689 1271 1722 similiter
1289 1696 1449 1733 perpetuo
1471 1691 1672 1734 applicamus

936 1747 968 1774 et
991 1742 1252 1785 appropriamus.

979 1795 994 1838 ἓ
1020 1795 1050 1827 5.
1078 1795 1115 1827 Et
1140 1795 1275 1839 insuper
1291 1796 1388 1829 Petro
1407 1796 1546 1840 principi
1566 1802 1597 1829 ct
1613 1807 1672 1839 pro

936 1853 1081 1891 tempore
1107 1849 1320 1882 existentibus
1339 1850 1554 1892 portugalliae
1573 1855 1603 1882 ct
1620 1851 1672 1882 Al-

936 1901 1119 1943 garbiorum
1139 1901 1209 1944 regi
1239 1902 1414 1944 praedictis
1432 1902 1672 1945 iuspatronatus
1685 1915 1695 1927 ³
1713 1915 1735 1927 ’Ν

936 1958 968 1986 et
991 1954 1220 1997 praesentandi
1246 1954 1329 1987 iufra
1355 1965 1474 1987 annum
1499 1965 1671 1998 personam

935 2006 1121 2047 idoneam',
1153 2008 1191 2040 ad
1217 2007 1335 2040 dictam
1361 2008 1529 2041 ecclesiam
1553 2008 1583 2041 S.
1614 2009 1673 2040 Lu-

935 2059 1037 2093 dovici
1061 2060 1229 2101 videlicet,
1256 2061 1351 2093 nobis
1381 2065 1412 2093 et
1438 2072 1498 2103 pro
1528 2067 1671 2104 tempore

935 2112 1083 2146 existenti
1115 2113 1260 2146 Romano
1284 2113 1430 2146 Pontifici
1467 2113 1672 2152 huiusmodi,

936 2165 967 2198 in
986 2165 1129 2199 eiusdem
1147 2166 1304 2198 ecclesiae
1327 2166 1358 2198 S.
1379 2166 1529 2199 Ludovici
1547 2166 1672 2209 episco—

936 2229 1013 2261 pum
1045 2224 1076 2252 et
1107 2224 1271 2261 pastorem
1303 2219 1341 2251 ad
1373 2218 1672 2261 praesentationem

936 2271 1125 2304 huiusmodi
1144 2276 1175 2304 et
1192 2281 1255 2304 non
1277 2271 1355 2303 alias
1373 2271 1670 2314 praeficiendqu

937 2324 974 2356 ad
1000 2323 1154 2356 maiorem
1180 2333 1257 2356 vero
1289 2328 1365 2366 post
1389 2323 1609 2367 pontificalem
1641 2329 1673 2356 et

936 2376 1131 2419 principales
1153 2381 1184 2409 et
1203 2375 1282 2409 alias
1300 2376 1483 2419 dignitates,
1502 2376 1673 2409 canonica-

972 2466 982 2490 1
1007 2464 1135 2499 Lege-rem
1152 2472 1292 2498 personas
1311 2464 1449 2498 idoneas,
1470 2468 1500 2491 ut
1523 2472 1604 2500 supra
1624 2472 1672 2499 pa-

935 2509 997 2543 gina
1010 2510 1035 2534 ll
1051 2517 1069 2534 a
1083 2511 1110 2534 et
1126 2509 1157 2535 15
1168 2508 1192 2541 b,
1209 2516 1269 2534 nam
1285 2509 1384 2536 locutio
1400 2509 1516 2535 refertur
1527 2508 1559 2536 ad
1574 2516 1672 2536 omnes

936 2556 1028 2588 postea
1042 2552 1221 2587 designandas
1235 2561 1365 2588 personas
1379 2554 1419 2587 (R.
1434 2555 1483 2585 T.)-

972 2596 988 2622 2
1007 2597 1100 2624 Potius
1118 2597 1178 2629 lege
1197 2597 1425 2630 praeficiendam
1445 2598 1481 2628 (a.
1497 2596 1546 2633 τ.).

1584 211 1626 244 ¹50
1674 220 1720 246 An,
1743 219 1771 246 C.
1791 218 1855 246 ¹677

1709 1015 1810 1035 lli-ddum
1826 1021 1834 1033 s

1762 1048 1766 1059 i
1785 1049 1788 1060 ι

1709 1802 1867 1828 livpatronatus

1685 1832 1703 1848 st
1720 1830 1866 1854 praesentandi

1685 1856 1737 1875 inu-:i
1751 1862 1826 1876 aunum
1840 1856 1867 1875 ad

1685 1961 1761 1984 galliae
1790 1967 1867 1982 conce·

1685 1988 1746 2007 ditur.
