2111 3157
32 196 80 220 ΑΒ.
97 193 124 218 C.
148 190 214 220 1⁸⁵9

56 463 140 485 Petilio.

99 2447 211 2468 Pru-missio

27 2475 50 2497 ut
65 2473 84 2495 iu
103 2475 196 2495 rubrica.

797 193 892 219 tNNQC
899 195 1007 218 EN'rtrs
1030 195 1059 218 XI
1085 193 1133 218 ΡΙ).

223 241 347 284 augusti
362 247 522 276 un‘ctnui
537 243 702 282 emanatis,
719 233 951 285 quarum‘teno-

223 304 289 326 rcm
307 297 530 336 praesentibus
549 306 607 337 pro
632 296 726 338 plene
746 300 777 327 et
793 295 950 327 sufficien-

222 351 271 378 ter
291 357 442 389 expresso
460 358 496 379 ac
517 347 555 379 de
573 348 670 380 verbo
692 348 729 379 ad
752 347 882 379 verbum
903 347 950 378 in-

221 405 305 431 serto
321 399 743 437 haberivoliiinus,1ioe1·ius
757 399 949 431 continetur.

264 452 278 495 ἓ
302 452 332 484 52.
359 452 436 484 Cum
456 458 571 489 autem,
597 452 679 484 sicut
703 463 760 495 pro
785 458 874 494 parte
900 462 950 483 ca-

221 503 341 536 rissimi
377 504 408 535 in
445 504 571 536 Christo
612 504 667 536 {ilii
704 504 807 536 nostri
846 504 948 536 Caroli

221 556 447 599 Hispaniarum
481 557 565 595 regis
590 556 739 589 catholici
777 566 837 599 per
873 556 950 588 dile-

221 613 306 640 ctum
343 608 441 639 filium
473 608 615 640 nobilem
652 609 751 640 virum
777 608 948 649 Gasparem

222 661 260 692 de
286 661 370 692 Haro
398 671 416 702 y
440 660 586 695 Gusinan.
613 671 671 703 pro
697 661 810 693 eodem
835 661 948 693 Carolo

220 722 296 753 rege
321 713 405 755 apud
439 723 498 745 nos
523 718 554 745 et
585 713 698 745 Scdem
731 713 947 755 Apostolieam

220 769 401 803 oratorem,
425 765 518 797 nobis
544 775 647 807 nuper
671 765 848 807 expositum
875 765 947 803 suit,

221 816 365 849 custodia
389 818 531 859 praefata
551 817 685 850 subinde
705 818 735 849 in
753 817 948 861 provinciam

221 869 412 901 auctoritate
443 870 620 912 apostolica
655 875 762 902 erecta
792 869 894 908 suerit,
920 876 951 901 et

221 920 434 963 Congregatio
460 927 533 953 tunc.
558 922 762 954 existentium
791 922 823 954 S.
851 922 886 954 R.
915 923 948 954 E.

221 974 430 1006 cardinalium
449 974 585 1015 negotiis
610 980 640 1006 et
664 975 951 1006 consultationibus

221 1025 447 1068 episcoporum
480 1032 510 1058 et
536 1027 731 1068 regularium
768 1027 950 1069 praeposita

225 1077 435 1112 declaraverit
455 1079 881 1125 ministrum'provincialem
900 1090 951 1111 no-

224 1141 277 1163 »ae
302 1131 485 1173 provinciae
517 1130 701 1164 huiusmodi
734 1131 862 1163 natione
900 1132 951 1164 lli-

221 1189 356 1225 spanum
374 1193 443 1215 esse
463 1183 592 1221 debere,
618 1184 891 1225 quemadmodum
913 1185 950 1215 de

222 1235 352 1267 custode
378 1235 410 1266 in
435 1235 546 1267 ultimo
566 1235 656 1268 dictis
673 1235 846 1268 Clementis
866 1246 951 1278 prae-

221 1286 400 1318 decessoris
417 1286 530 1319 litteris
544 1292 697 1319 statutum
709 1288 949 1330 reperiebatur;

219 1348 348 1377 verum,
379 1339 403 1370 si
429 1339 605 1381 prohibitio
644 1340 821 1382 recipiendi
847 1341 878 1372 in
904 1340 951 1372 di-

219 1395 301 1423 ctam
316 1391 500 1427 custodiam,
514 1401 599 1423 nunc
612 1392 818 1434 provinciam,
840 1393 949 1425 fratres

219 1442 252 1475 in
277 1443 339 1475 alia
360 1443 523 1486 provincia
543 1445 592 1476 vel
614 1444 759 1476 custodia
788 1445 949 1487 professos

219 1495 416 1536 generaliter
439 1496 533 1528 etiam
566 1497 671 1539 quoad
695 1497 809 1529 fratres
833 1497 950 1530 Discal-

219 1553 326 1580 ceatos
352 1548 586 1590 provinciarum
611 1549 784 1591 Hispaniae
803 1549 876 1581 dicti
894 1550 949 1582 Or-

219 1600 304 1632 dinis
329 1601 565 1640 observaretur,
591 1612 651 1633 nec
676 1602 759 1634 dicta
784 1612 862 1634 nova
881 1613 949 1645 pro-

218 1649 273 1683 diu
297 1652 490 1691 conservari,
515 1653 584 1685 nec*
603 1654 683 1693 linis,
704 1659 839 1696 propter
855 1665 949 1697 quem

216 1703 320 1745 prima
343 1705 508 1737 custodiae
526 1706 707 1748 praedictae
729 1707 848 1739 erectio
870 1708 950 1738 sacta

217 1761 287 1795 est,
314 1757 475 1797 obtineri,
512 1768 616 1800 neque
642 1769 739 1801 supra
777 1769 948 1802 expressae

215 1809 461 1842 =ordinationes²
489 1810 662 1843 Clementis
686 1812 949 1853 praedecessoris

217 1862 399 1894 executioni
414 1864 559 1896 mandari
576 1864 732 1904 valerent;
751 1870 867 1896 etcum
882 1876 949 1907 spe-

216 1914 280 1946 rari
305 1925 370 1947 non
394 1916 497 1958 possit
523 1921 568 1949 tot
593 1927 610 1948 a
634 1918 763 1949 saeculo
796 1917 827 1949 in
865 1928 950 1950 eam-

216 1966 289 1999 dem
314 1977 425 2000 novam
450 1969 646 2011 provinciam
671 1975 838 2012 receptum
859 1971 898 2002 iri
917 1970 948 2002 in

216 2019 330 2052 fratres
355 2020 520 2063 Hispanos,
546 2027 625 2064 quot
648 2033 706 2064 pro
731 2023 948 2065 adimplendis

216 2072 339 2105 statutis
357 2078 388 2105 et
408 2073 665 2107 ordinationibus
685 2075 870 2108 huiusmodi
891 2077 949 2107 suf-

216 2123 346 2156 ficiant:
372 2125 466 2157 nobis
487 2131 659 2168 propterea
679 2127 821 2161 eiusdem
844 2127 947 2160 Caroli

216 2177 301 2218 regis
327 2178 457 2210 nomine
481 2188 539 2220 per
562 2180 740 2221 praefatum
773 2180 946 2222 Gasparcm

217 2230 438 2263 marchionem
464 2231 628 2264 humiliter
651 2233 864 2275 supplicatum
891 2233 949 2265 suit

216 2287 251 2314 ut
268 2282 300 2314 in
325 2283 508 2325 praemissis
528 2290 711 2327 opportune
730 2285 899 2327 providere
918 2291 948 2317 et

217 2340 253 2367 ut
275 2336 356 2368 infra
380 2336 549 2379 indulgere
575 2338 613 2370 de
639 2338 837 2380 benignitate
877 2349 947 2381 apo-

218 2388 331 2420 stolica
356 2388 573 2431 dignaremur.

263 2441 278 2484 5
300 2440 332 2473 3.
358 2441 419 2475 Nos
454 2442 572 2485 igitur,
598 2443 697 2486 ipsius
723 2443 827 2476 Caroli
861 2443 945 2486 regis

255 2512 265 2537 t
289 2511 358 2538 Edit.
379 2512 457 2539 nain.
478 2513 542 2547 legit
560 2522 595 2540 ne
614 2516 651 2545 (R.
667 2516 715 2543 T.).

252 2555 268 2584 2
288 2555 358 2583 Edu.
381 2557 461 2584 Maia.
484 2557 548 2592 legit
568 2557 761 2585 ordinacionis
780 2557 807 2593 (tt
838 2559 886 2593 T.).

992 243 1072 275 votis
1098 243 1158 274 bac
1182 242 1211 274 in
1238 252 1272 275 rc
1298 247 1451 286 quantum
1483 252 1554 276 cum
1586 242 1721 276 Domino

991 304 1161 336 possumus
1178 294 1394 327 favorabiliter
1407 305 1549 327 annuere
1565 296 1720 334 volentes,

993 346 1176 379 huiusmodi
1202 347 1490 389 supplicationibus
1517 348 1669 386 inclinati,
1687 354 1722 380 ut

993 400 1105 431 fratres
1123 400 1308 432 Discalceati
1328 410 1481 443 expresse
1500 400 1634 443 professi
1649 411 1722 443 pro-

994 450 1166 483 vinciarum
1193 452 1365 494 Hispaniae
1390 452 1516 485 Ordinis
1551 453 1718 495 praedicti,

992 512 1061 535 cum
1086 503 1201 535 debitis
1233 515 1364 537 suorum
1395 505 1598 547 superiorum
1624 506 1722 538 licen-

994 555 1057 593 tiis,
1085 555 1117 586 in
1142 556 1316 597 praefatam
1355 557 1552 599 provinciam
1578 559 1608 590 S.
1637 559 1720 590 Petri

994 607 1032 637 de
1058 606 1225 639 Alcantara
1249 608 1281 639 in
1306 619 1406 649 regno
1431 609 1593 651 Neapolis,
1619 621 1723 642 serva-

994 659 1032 690 tis
1057 659 1238 696 servandis,
1263 660 1364 702 recipi
1390 666 1422 692 et
1446 662 1582 700 admitti,
1610 662 1720 705 illique

993 710 1190 752 incorporari
1215 711 1329 751 libere,
1355 712 1440 745 licite
1467 719 1498 745 et
1521 714 1623 746 valide
1648 724 1722 756 pos·

993 762 1057 794 sint
1084 769 1116 795 et
1139 764 1286 802 valeant,
1312 765 1499 797 auctoritate
1526 767 1722 808 apostolica,

995 822 1107 848 tenore
1132 817 1366 858 praesentium,
1392 819 1598 851 concedimus
1625 825 1656 852 et
1679 820 1723 853 in-

995 868 1174 909 dulgemus.
1202 869 1380 908 Praeterea,
1408 876 1442 902 ut
1474 870 1621 903 minister
1651 883 1724 915 prn-

994 920 1136 953 viiicialis
1170 931 1204 953 ac
1236 921 1299 953 duo
1331 924 1442 955 saltem
1473 923 1660 956 definitores
1692 929 1725 956 et

995 973 1186 1014 guardianus
1221 973 1296 1005 dicti
1336 980 1511 1007 conventus
1542 975 1572 1008 S.
1611 976 1723 1009 Luciae

995 1025 1137 1057 eiusdem
1161 1025 1361 1067 provinciae,
1396 1037 1456 1069 pro
1481 1032 1625 1070 tempore
1659 1029 1725 1060 exi-

995 1084 1142 1118 stentes,
1178 1079 1308 1111 natione
1344 1080 1497 1122 Hispani,
1531 1091 1648 1123 nempe
1686 1092 1722 1113 ex

995 1137 1130 1173 utroque
1156 1136 1288 1173 parente
1320 1132 1460 1174 Hispano
1494 1133 1570 1172 nati,
1595 1143 1725 1176 semper

995 1193 1077 1222 esse,
1104 1188 1275 1225 ceteraque
1301 1185 1408 1217 omnia
1426 1190 1457 1217 et
1477 1185 1612 1227 singula,
1632 1186 1662 1217 in
1681 1188 1726 1219 ul-

996 1236 1071 1267 timo
1097 1235 1188 1267 dictis
1206 1236 1378 1268 Clementis
1397 1238 1657 1279 praedecessoris
1676 1239 1725 1270 lit-

996 1287 1071 1319 teris
1098 1287 1261 1330 disposita,
1289 1288 1321 1320 in
1346 1288 1513 1330 provincia
1538 1289 1723 1322 huiusmodi

994 1349 1122 1382 semper
1156 1339 1320 1371 observari
1357 1340 1505 1379 debeant,
1537 1341 1724 1374 auctoritate

994 1397 1024 1424 et
1048 1397 1160 1424 tenore
1185 1392 1340 1435 praefatis
1365 1393 1531 1425 statuimus
1554 1393 1674 1435 pariter
1695 1399 1726 1425 et

993 1444 1192 1477 ordinamus.

1035 1496 1049 1539 ἓ
1073 1496 1104 1529 4.
1131 1497 1347 1530 Decernentes
1382 1497 1511 1530 easdem
1538 1503 1726 1541 praesentes

992 1549 1115 1582 litteras
1130 1560 1255 1593 semper
1270 1551 1384 1589 sirmaS,
1398 1551 1517 1583 validas
1532 1556 1564 1583 et
1582 1551 1726 1585 efficaces

993 1603 1128 1635 existere
1160 1607 1192 1636 et
1220 1603 1306 1643 sore,
1333 1613 1477 1646 suosque
1507 1604 1670 1646 plenarios
1695 1611 1727 1636 et

993 1655 1135 1697 integros
1161 1655 1291 1688 effectus
1315 1656 1423 1688 sortiri
1448 1661 1480 1688 et
1504 1657 1665 1695 obtinere,
1690 1667 1726 1689 ac

992 1707 1074 1747 illis⁷
1105 1707 1142 1739 ad
1173 1718 1254 1750 quos
1287 1713 1410 1751 spectat
1434 1718 1469 1740 ac
1493 1718 1553 1751 pro
1579 1714 1725 1752 tempore

994 1760 1262 1802 quandocumque
1286 1760 1453 1803 spectabit,
1468 1761 1500 1792 in
1525 1762 1674 1794 omuibus
1695 1768 1726 1793 et

994 1822 1051 1854 per
1076 1812 1184 1844 omnia
1207 1813 1395 1854 plenissime
1421 1812 1605 1856 suffragari,
1631 1819 1662 1846 et
1686 1814 1725 1846 ab

993 1865 1039 1897 cis
1074 1865 1252 1907 respective
1285 1865 1517 1898 inviolabiliter
1545 1867 1723 1905 observari,

993 1917 1103 1959 sicque
1138 1917 1170 1949 in
1203 1918 1386 1960 praemissis
1417 1928 1478 1961 per
1506 1929 1725 1961 quoscumque

993 1971 1114 2004 iudices
1145 1971 1331 2003 ordinarios
1360 1976 1392 2004 et
1420 1972 1602 2014 delegatos,
1629 1972 1725 2004 etiam

992 2034 1163 2056 causarum
1192 2023 1303 2066 palatii
1335 2024 1506 2067 apostolici
1539 2025 1724 2063 auditores,

992 2075 1124 2108 iudicari
1153 2082 1185 2109 et
1215 2076 1343 2109 deliniri
1376 2077 1511 2117 debere,
1537 2087 1574 2109 ac
1598 2076 1725 2108 irritum

992 2134 1022 2160 et
1047 2129 1141 2161 inane
1167 2129 1191 2161 si
1218 2139 1308 2161 secus
1327 2139 1424 2171 super
1442 2129 1492 2161 his
1512 2139 1530 2161 a
1549 2139 1724 2172 quoquam.

991 2181 1099 2224 quavis
1118 2181 1316 2221 auctoritate,
1337 2182 1478 2214 scienter
1498 2183 1547 2214 vel
1572 2182 1725 2224 ignoran-

992 2240 1051 2274 ter,
1078 2234 1251 2276 contigerit
1275 2234 1439 2267 attentari.

1034 2287 1048 2329 g
1071 2286 1102 2319 5.
1125 2287 1191 2319 Non
1212 2287 1426 2325 obstantibus,
1452 2287 1558 2330 quoad
1583 2297 1619 2320 ea
1640 2297 1721 2330 quae

991 2340 1213 2381 praesentibus
1240 2340 1486 2382 quomodolibet
1503 2340 1723 2380 adversantur,

990 2392 1141 2435 praefatis
1171 2392 1345 2425 Clementis
1376 2393 1637 2436 praedecessoris
1674 2393 1724 2425 tit-

991 2445 1087 2484 teris,
1114 2455 1241 2478 necnon
1270 2446 1418 2478 omnibus
1443 2451 1475 2479 et
1498 2446 1632 2488 singulis
1659 2445 1724 2478 illis

989 2507 1070 2540 quae
1095 2497 1126 2529 in
1152 2498 1197 2530 eis
1221 2508 1374 2531 concessa
1397 2505 1471 2531 sunt
1494 2509 1559 2531 non
1580 2500 1721 2540 obstare,

990 2550 1169 2595 ceterisque
1195 2552 1365 2585 contrariis
1391 2552 1660 2597 quibuscumque.

1621 182 1684 219 &539
1730 197 1779 220 Αη.
1796 195 1824 222 c.
1848 193 1913 222 ιίᾱῖῡ

1763 1508 1883 1530 ctausutae.

1761 2294 1916 2315 Contrariorum

1734 2321 1853 2346 derogatio.
