2111 3157
789 187 1002 215 tmocnnrit's
1025 189 1056 213 x1
1081 187 1130 212 pr.
1606 167 1669 205 Μ’]
1716 178 1765 206 An.
1786 179 1813 206 C.
1836 179 1898 206 {1370

202 252 243 275 ne
273 242 323 275 vel
359 239 546 274 haereditas
585 238 719 273 adeatur
750 239 800 272 vel
831 236 959 280 legata*
1021 246 1111 269 xmn.
1139 233 1221 272 Quid
1246 231 1279 265 ni
1305 231 1435 264 nonnisi
1460 229 1584 263 veniale
1602 229 1643 261 sit
1660 229 1714 261 de·
1746 241 1908 261 nummatum.

203 296 377 334 solvantur,
403 303 436 327 sc
462 293 569 326 taliter
594 292 781 329 defendere,
798 291 878 323 sicut
907 295 939 322 ct
981 288 1138 321 trahentis
1160 286 1382 320 auctoritatem
1408 295 1556 326 magnam
1575 283 1636 315 sibi
1654 293 1713 315 no-

14 194 63 224 An.
79 195 108 224 C.
131 192 198 222 1679

202 348 252 382 ius
279 347 409 380 habenti
435 346 468 378 in
492 345 678 378 cathedram
707 344 756 376 vel
781 343 938 386 praeben-

204 400 277 433 dam
293 405 405 432 contra
429 408 543 432 eorum
559 396 802 441 possessionem
821 395 937 428 iniuste
958 407 961 444 3

204 451 450 495 impedientem.

979 341 1063 374 xiam
1090 341 1170 373 salso
1196 339 1329 372 crimine
1351 337 1496 371 elidere?

1023 405 1106 427 xmv.
1134 393 1306 426 Probabile
1331 397 1379 424 est
1394 402 1458 424 non
1480 401 1615 434 peceare
1636 400 1716 422 mor-

983 447 1096 485 taliter,
1112 446 1165 488 qui
1184 445 1323 488 imponit
1337 445 1452 477 salsum
1468 444 1590 476 crimen
1609 441 1716 480 alicui,

39 517 147 539 Abortum.
248 513 349 537 xxxiv.
376 503 463 535 Licet
485 511 661 545 procurare
693 501 840 533 abortum
864 505 938 532 ante
983 505 1015 531 ut
1031 510 1119 531 suam
1144 497 1297 530 iustitiam
1324 502 1356 529 et
1372 497 1532 529 honorem
1550 495 1715 533 defendat;

205 555 436 590 animationem
463 555 588 593 foetus,
613 564 652 586 ne
677 554 784 596 puella
816 553 940 594 depre-
983 556 1014 584 et
1038 551 1063 583 si
1089 551 1151 583 hoc
1179 560 1243 582 non
1276 549 1319 581 sit
1350 549 1541 591 probabile,
1568 548 1617 579 vix
1651 548 1718 580 ulla

205 609 309 641 hensa
333 607 461 650 gravida
487 606 652 638 occidatur
675 610 730 638 aut
753 605 937 636 infametur.
959 592 961 615 ⁴
982 605 1043 637 erit
1067 603 1179 646 opinio
1204 602 1383 645 probabilis
1409 602 1440 634 in
1466 602 1642 643 theologia.

247 670 338 694 xxxv.
365 659 499 692 Videtur
521 658 692 700 probabile
720 667 851 690 omnem
877 657 939 688 soe·
1024 667 1095 689 va.
1115 656 1195 688 Dare
1211 655 1386 697 temporale
1404 664 1463 696 pro
1479 653 1637 696 spirituali
1653 663 1715 685 non
1754 661 1876 682 Stin-miani.

206 717 283 751 tum,
302 711 456 754 quamdiu
474 710 506 742 in
522 715 614 742 utero
638 714 694 748 est,
708 719 816 741 carere
836 708 940 740 anima
984 714 1032 740 est
1056 707 1205 747 simonia,
1224 707 1353 750 quando
1380 708 1560 748 temporale
1581 716 1645 738 non
1664 706 1719 737 ‹la-

205 763 367 803 rationali‚
387 768 419 796 et
435 768 511 795 tunc
535 762 677 805 primum
695 761 839 804 incipere
857 770 942 792 eam-
986 767 1037 792 tur
1072 766 1235 803 tamquam
1272 759 1412 802 pretium
1430 785 1436 797 ,
1461 759 1518 791 sed
1554 759 1719 791 dumtaxat

207 817 279 850 dem
297 817 427 855 habere,
445 826 516 848 cum
533 815 674 858 paritur,
693 825 729 847 ac
745 823 942 856 consequen·
986 819 1143 855 tamquam
1175 811 1330 844 motivum
1363 810 1554 844 conserendi
1579 811 1628 842 vel
1653 810 1719 841 elli-

208 873 258 902 ter
281 868 454 901 dicendum
480 867 538 900 erit
565 867 597 899 in
621 868 711 900 nullo
744 866 858 899 abortu
884 866 943 898 ho·
986 866 1091 899 ciendi
1116 866 1294 909 spirituale,
1314 866 1361 897 vel
1380 865 1475 897 etiam
1493 863 1621 906 quando
1644 868 1721 895 tem-

207 920 372 954 micidium
396 918 565 952 committi.
986 920 1094 961 porale
1120 918 1161 950 sit
1184 918 1289 950 solum
1325 917 1461 959 gratuita
1494 915 1720 959 compensatio

43 987 136 1009 Furium.
251 982 355 1006 xxxvt.
382 971 578 1004 Permissum
603 975 653 1004 est
678 970 785 1011 furari,
806 981 871 1003 non
897 980 944 1003 so·
987 982 1044 1014 pro
1069 971 1240 1014 spirituali,
1263 976 1317 1003 aut
1341 981 1358 1003 e
1383 975 1507 1003 contra.

209 1026 274 1059 lum
299 1025 332 1057 in
357 1025 499 1057 extrema
529 1023 742 1064 necessitate,
768 1022 823 1056 sed
849 1022 943 1055 etiam
1028 1021 1721 1066 xtv1.Etidquoquelocumbabet,etiamsi

210 1077 243 1110 in
268 1077 367 1119 gravi.
988 1078 1164 1120 temporale
1190 1076 1232 1109 sit
1254 1076 1604 1119 principalemotivum
1623 1075 1721 1107 dandi

252 1140 368 1163 xxxvii.
391 1129 514 1162 Famuli
534 1135 565 1162 et
583 1129 722 1161 famulae
748 1128 944 1161 domesticae
987 1129 1165 1172 spirituale,
1191 1129 1290 1160 immo
1317 1127 1443 1160 etiamsi
1461 1127 1501 1159 sit
1524 1126 1597 1159 finis
1622 1126 1721 1168 ipsius

209 1187 350 1226 possunt
371 1183 494 1215 occulte
520 1181 607 1214 heris
632 1182 697 1214 suis
722 1181 886 1224 surripere
905 1181 943 1213 ad
988 1182 1032 1215 rei
1057 1182 1244 1224 spiritualis,
1265 1181 1311 1213 sic
1336 1186 1371 1212 ut
1395 1180 1475 1213 illud
1501 1179 1602 1223 pluris
1628 1179 1723 1211 aesti-

211 1235 485 1278 compensandam
503 1245 634 1277 operam
653 1245 752 1273 suam,
768 1245 864 1276 quam
881 1244 946 1266 ma-
988 1241 1092 1267 metur
1122 1245 1216 1277 quam
1241 1244 1293 1266 res
1318 1233 1508 1276 spiritualis.

211 1288 312 1320 iorem
337 1286 480 1320 iudicant
512 1287 629 1321 salario
660 1287 745 1330 quod
770 1286 943 1329 recipiunt.
1030 1297 1127 1320 xtvn.
1154 1286 1232 1319 Cum
1258 1285 1337 1318 dixit
1361 1284 1538 1318 Concilium
1563 1285 1723 1317 Tridenti-
1760 1291 1885 1312 mactiones.

253 1352 385 1375 xxxvnr.
411 1341 481 1374 Non
508 1346 636 1374 tenetur
659 1342 732 1384 quis
757 1341 817 1373 sub
842 1342 947 1384 poena
989 1351 1063 1372 num
1078 1351 1133 1373 eos
1151 1340 1265 1373 alienis
1287 1339 1430 1382 peccatis
1448 1338 1724 1371 communicantes

212 1395 338 1438 peccati
364 1394 511 1427 mortalis
535 1395 707 1427 restituere
739 1394 824 1437 quod
861 1394 949 1426 abla-
990 1393 1169 1426 mortaliter
1200 1403 1348 1436 peccare,
1374 1392 1428 1435 qui
1463 1391 1524 1423 nisi
1560 1401 1639 1434 quos
1671 1392 1722 1423 di-

215 1452 278 1480 tum
305 1452 354 1480 est
377 1457 436 1490 per
458 1457 561 1490 pauca
585 1447 680 1487 furta,
707 1452 950 1490 quantumcum-
991 1446 1122 1488 gniores
1150 1450 1182 1477 et
1213 1444 1376 1477 Ecclesiae
1413 1443 1513 1485 magis
1538 1444 1634 1476 utiles
1663 1443 1726 1486 ipsi

214 1510 277 1543 que
302 1500 342 1532 sit
367 1510 483 1542 magna
506 1510 629 1533 summa
655 1500 775 1533 totalis.
991 1498 1204 1531 iudicaverint
1238 1497 1277 1530 ad
1315 1496 1468 1529 ecclesias
1509 1501 1724 1539 promovent,

256 1563 359 1586 xxxm.
386 1552 444 1590 Qui
470 1552 569 1586 alium
600 1557 707 1586 movet
741 1558 794 1585 aut
825 1551 950 1585 inducit
991 1550 1169 1584 Concilium
1200 1550 1249 1583 vel
1277 1550 1312 1582 '10
1336 1549 1464 1582 videtur
1495 1559 1554 1592 per
1588 1549 1647 1581 hos
1679 1549 1727 1581 di-

215 1604 255 1638 ad
280 1605 487 1638 inserendum
520 1616 616 1648 grave
650 1606 801 1639 damnum
827 1606 924 1639 tertio
940 1632 947 1645 ,
992 1604 1121 1646 gniores
1140 1613 1205 1636 non
1231 1603 1318 1635 aliud
1344 1600 1528 1644 significare
1553 1602 1635 1634 velle
1664 1601 1726 1634 nisi

214 1667 280 1690 non
302 1662 430 1690 tenetur
453 1658 491 1691 ad
518 1658 760 1691 restitutionem
784 1658 875 1691 istius
896 1659 951 1692 da·
992 1656 1183 1699 dignitatem
1210 1656 1455 1698 eligendorum,
1485 1661 1613 1698 sumpto
1641 1665 1728 1687 com-

216 1710 281 1742 mni
307 1710 400 1742 illati.
992 1710 1135 1753 parativo
1160 1720 1220 1753 pro
1244 1710 1400 1753 positivo·,
1427 1709 1476 1742 vel
1501 1708 1535 1741 2⁰
1567 1708 1727 1741 locutione

50 1773 191 1795 nonuncium.
258 1771 308 1795 xi„
335 1762 524 1795 Contractus
560 1763 710 1796 mohatra
744 1763 850 1797 licitus
883 1769 950 1804 est,
994 1762 1097 1795 minus
1124 1762 1256 1806 propria
1281 1762 1375 1805 ponit
1408 1761 1594 1804 digniores,
1617 1766 1652 1792 ut
1676 1771 1729 1793 ex—

217 1813 311 1847 etiam
330 1820 478 1857 respectu
492 1815 636 1848 eiusdem
650 1826 821 1859 personae,
835 1821 866 1849 et
880 1827 951 1848 eum

217 1872 384 1899 contractu
397 1868 680 1901 retrovenditionis
694 1868 859 1911 praeviae¹
874 1868 952 1901 inito

218 1930 290 1952 curn
314 1920 495 1953 intentione
521 1921 614 1953 lucri.

260 1982 325 2005 xm.
345 1972 420 2006 Cum
439 1979 605 2006 numerata
621 1974 761 2017 pecunia
780 1974 953 2018 pretiosior

220 2024 262 2057 sit
274 2026 481 2065 numeranda,
496 2031 528 2059 et
545 2027 652 2059 nullus
680 2027 721 2059 sit
737 2027 790 2070 qui
806 2037 870 2060 non
888 2038 954 2060 ma-

219 2077 296 2111 ioris
321 2078 416 2111 saciat
439 2079 606 2122 pecuniam
631 2085 834 2123 praesentem
856 2091 953 2123 quam

220 2131 381 2171 suturam,
410 2137 520 2175 potest
551 2131 692 2165 creditor
723 2132 846 2176 aliquid
868 2135 954 2166 ultra

222 2188 345 2216 sortem
371 2194 387 2216 a
411 2184 605 2218 mutuatario
630 2184 772 2228 exigere,
797 2190 830 2219 et
853 2196 891 2219 eo
917 2185 955 2218 ti-

221 2237 289 2269 tulo
314 2237 353 2270 ab
377 2239 476 2270 usura
501 2238 660 2270 excusari.

264 2299 342 2322 xL11.
368 2289 471 2322 Usura
491 2300 555 2322 non
574 2295 622 2323 est
640 2290 715 2323 dum
734 2292 817 2324 ultra
834 2297 954 2325 sortem

224 2341 347 2385 aliquid
372 2342 510 2385 exigitur
528 2349 689 2386 tamquam
707 2354 744 2376 ex
760 2344 958 2379 benevolen-

225 2393 269 2426 tia
293 2399 324 2426 et
347 2395 542 2437 gratitudine
568 2395 714 2428 debitum
731 2423 738 2436 ,
767 2396 823 2428 sed
853 2398 956 2430 solum

225 2445 253 2480 si
266 2447 413 2490 exigatur
430 2452 590 2491 tamquam
607 2458 643 2481 ex
661 2448 785 2481 iustitia
801 2449 957 2482 debitum.

261 2560 276 2589 1
295 2559 405 2589 Videtur
422 2561 563 2599 legendum
583 2562 700 2598 praevie
717 2562 757 2598 (n.
772 2561 823 2598 ¹12).

994 1815 1102 1848 cludat
1126 1815 1286 1857 indignos,
1313 1825 1379 1847 non
1410 1824 1487 1846 vero
1512 1814 1653 1855 dignos;
1680 1814 1729 1846 vol

995 1869 1125 1900 tandem
1139 1867 1285 1910 loquitur
1298 1867 1332 1900 3⁰
1346 1867 1476 1909 quando
1492 1866 1525 1898 tit
1540 1877 1727 1898 concursus.

1038 1930 1146 1953 valn.
1179 1919 1254 1952 Tam
1287 1920 1408 1952 clarum
1439 1919 1565 1951 videtur
1593 1919 1730 1951 fornica-

996 1973 1115 2006 tionem
1151 1973 1329 2005 secundum
1354 1982 1388 2005 se
1413 1973 1533 2005 nullam
1566 1971 1729 2004 involvere

995 2025 1170 2065 malitiam,
1197 2030 1229 2057 et
1260 2026 1365 2058 solun]
1399 2035 1472 2057 esse
1506 2025 1622 2057 malam
1656 2024 1732 2066 quia

995 2078 1179 2118 interdieta,
1199 2084 1233 2110 ut
1250 2077 1445 2111 contrarium
1464 2077 1595 2110 omnino
1614 2077 1731 2110 rationi

997 2132 1163 2165 dissonum
1188 2131 1346 2164 videatur.

1038 2195 1121 2218 xmx.
1149 2184 1297 2217 Mollities
1321 2183 1390 2216 iure
1415 2188 1546 2216 naturae
1567 2183 1733 2227 prohibita

997 2248 1062 2270 non
1082 2242 1128 2270 est
1147 2248 1154 2277 ·,
1173 2237 1267 2277 unde,
1292 2235 1317 2269 si
1338 2236 1421 2269 Deus
1451 2247 1522 2269 eam
1539 2247 1604 2269 non
1626 2236 1730 2269 inter-

999 2290 1141 2329 dixisset,
1168 2300 1264 2332 saepe
1279 2294 1364 2322 esset
1387 2289 1484 2330 bona,
1504 2294 1537 2322 et
1556 2289 1731 2332 aliquando

999 2343 1192 2385 obligatoria
1216 2343 1274 2374 sub
1300 2342 1439 2375 mortali.

1044 2406 1072 2428 L.
1089 2395 1209 2438 Copula
1226 2405 1298 2427 cuin
1312 2394 1491 2437 coniugata,
1507 2394 1732 2427 consentiente

1001 2448 1136 2487 marito,
1164 2458 1228 2481 non
1260 2452 1309 2480 est
1341 2447 1554 2487 adulteritum
1586 2447 1733 2489 adeoque

1001 2500 1119 2533 sufficit
1153 2500 1186 2532 in
1210 2500 1414 2534 consessione
1455 2500 1562 2533 dicere
1594 2509 1629 2533 se
1661 2509 1736 2535 esse

1002 2553 1206 2588 fornicatum.

1768 1924 1886 1950 Appetitus.
